<?xml version="1.0" encoding="UTF-8"?>
<!DOCTYPE html PUBLIC "-//W3C//DTD XHTML 1.0 Transitional//EN"
    "http://www.w3.org/TR/xhtml1/DTD/xhtml1-transitional.dtd">
<html xmlns="http://www.w3.org/1999/xhtml" xml:lang="en" lang="en">
 <head>
  <title>
</title>
<meta http-equiv="Content-Type" content="text/html;charset=utf-8" />
  <meta name='ocr-system' content='tesseract 3.04.00' />
  <meta name='ocr-capabilities' content='ocr_page ocr_carea ocr_par ocr_line ocrx_word'/>
</head>
<body>
  <div class='ocr_page' id='page_1' title='image "./operaquaeextant00bonigoog_0130.png"; bbox 0 0 3259 5467; ppageno 0'>
   <div class='ocr_carea' id='block_1_1' title="bbox 538 688 1316 774">
    <p class='ocr_par' dir='ltr' id='par_1_1' title="bbox 538 688 1316 774">
     <span class='ocr_line' id='line_1_1' title="bbox 538 688 1316 774; baseline 0.004 -5"><span class='ocrx_word' id='word_1_1' title='bbox 538 718 616 769; x_wconf 71' lang='lat' dir='ltr'><strong>vrrs</strong></span> <span class='ocrx_word' id='word_1_2' title='bbox 634 718 677 770; x_wconf 80' lang='lat' dir='ltr'><strong>ar</strong></span> <span class='ocrx_word' id='word_1_3' title='bbox 696 724 908 770; x_wconf 71' lang='lat' dir='ltr'><strong>neumarum</strong></span> <span class='ocrx_word' id='word_1_4' title='bbox 926 725 951 769; x_wconf 86' lang='lat' dir='ltr'><strong>s.</strong></span> <span class='ocrx_word' id='word_1_5' title='bbox 969 718 1094 770; x_wconf 79' lang='lat' dir='ltr'><strong>nrvrur.</strong></span> <span class='ocrx_word' id='word_1_6' title='bbox 1124 718 1135 726; x_wconf 76' lang='grc'><strong>’“</strong></span> <span class='ocrx_word' id='word_1_7' title='bbox 1167 710 1170 715; x_wconf 53' lang='lat'><strong><em>⁴</em></strong></span> <span class='ocrx_word' id='word_1_8' title='bbox 1250 688 1316 774; x_wconf 69' lang='lat' dir='ltr'><strong>lad</strong></span> 
     </span>
    </p>
   </div>
   <div class='ocr_carea' id='block_1_2' title="bbox 310 853 1323 2194">
    <p class='ocr_par' dir='ltr' id='par_1_2' title="bbox 310 853 1322 1675">
     <span class='ocr_line' id='line_1_2' title="bbox 312 853 1311 954; baseline 0.003 -22"><span class='ocrx_word' id='word_1_9' title='bbox 312 867 421 933; x_wconf 87' lang='lat' dir='ltr'><strong>Patris</strong></span> <span class='ocrx_word' id='word_1_10' title='bbox 436 875 468 932; x_wconf 88' lang='lat' dir='ltr'><strong>et</strong></span> <span class='ocrx_word' id='word_1_11' title='bbox 485 868 567 946; x_wconf 80' lang='lat' dir='ltr'><strong>Filii,</strong></span> <span class='ocrx_word' id='word_1_12' title='bbox 583 863 616 931; x_wconf 89' lang='lat' dir='ltr'><strong>et</strong></span> <span class='ocrx_word' id='word_1_13' title='bbox 633 868 771 951; x_wconf 80' lang='lat' dir='ltr'>Spiritus</span> <span class='ocrx_word' id='word_1_14' title='bbox 786 868 898 946; x_wconf 86' lang='lat' dir='ltr'><strong>sancti,</strong></span> <span class='ocrx_word' id='word_1_15' title='bbox 915 855 1197 934; x_wconf 48' lang='lat' dir='ltr'><strong>cuncta&#39;diabollci</strong></span> <span class='ocrx_word' id='word_1_16' title='bbox 1209 853 1311 954; x_wconf 54' lang='lat' dir='ltr'><strong>phanss</strong></span> 
     </span>
     <span class='ocr_line' id='line_1_3' title="bbox 312 963 1312 1048; baseline 0.001 -11"><span class='ocrx_word' id='word_1_17' title='bbox 312 974 461 1037; x_wconf 87' lang='lat' dir='ltr'><strong>tasmatis</strong></span> <span class='ocrx_word' id='word_1_18' title='bbox 475 972 581 1036; x_wconf 89' lang='lat' dir='ltr'><strong>illusio</strong></span> <span class='ocrx_word' id='word_1_19' title='bbox 598 989 617 1035; x_wconf 88' lang='lat' dir='ltr'><strong>a</strong></span> <span class='ocrx_word' id='word_1_20' title='bbox 631 971 720 1035; x_wconf 88' lang='lat' dir='ltr'><strong>vobis</strong></span> <span class='ocrx_word' id='word_1_21' title='bbox 735 963 923 1048; x_wconf 79' lang='lat' dir='ltr'><strong>eradicetur,</strong></span> <span class='ocrx_word' id='word_1_22' title='bbox 940 978 973 1035; x_wconf 91' lang='lat' dir='ltr'><strong>et</strong></span> <span class='ocrx_word' id='word_1_23' title='bbox 993 973 1196 1037; x_wconf 86' lang='lat' dir='ltr'><strong>mundemini</strong></span> <span class='ocrx_word' id='word_1_24' title='bbox 1208 975 1244 1037; x_wconf 93' lang='lat' dir='ltr'><strong>in</strong></span> <span class='ocrx_word' id='word_1_25' title='bbox 1258 995 1312 1038; x_wconf 84' lang='lat' dir='ltr'><strong>vas</strong></span> 
     </span>
     <span class='ocr_line' id='line_1_4' title="bbox 312 1065 1320 1168; baseline 0.003 -29"><span class='ocrx_word' id='word_1_26' title='bbox 312 1076 522 1159; x_wconf 90' lang='lat' dir='ltr'><strong>purissimum</strong></span> <span class='ocrx_word' id='word_1_27' title='bbox 538 1082 657 1139; x_wconf 87' lang='lat' dir='ltr'><strong>sanctae</strong></span> <span class='ocrx_word' id='word_1_28' title='bbox 671 1074 755 1154; x_wconf 89' lang='lat' dir='ltr'><strong>fidei,</strong></span> <span class='ocrx_word' id='word_1_29' title='bbox 772 1080 805 1138; x_wconf 91' lang='lat' dir='ltr'><strong>et</strong></span> <span class='ocrx_word' id='word_1_30' title='bbox 821 1074 1003 1168; x_wconf 82' lang='lat' dir='ltr'><strong>efficiamini</strong></span> <span class='ocrx_word' id='word_1_31' title='bbox 1020 1065 1156 1159; x_wconf 86' lang='lat' dir='ltr'><strong>regnum</strong></span> <span class='ocrx_word' id='word_1_32' title='bbox 1174 1078 1320 1160; x_wconf 73' lang='lat' dir='ltr'><strong>Spiritus¹</strong></span> 
     </span>
     <span class='ocr_line' id='line_1_5' title="bbox 312 1178 1312 1257; baseline 0.002 -15"><span class='ocrx_word' id='word_1_33' title='bbox 312 1180 427 1244; x_wconf 88' lang='lat' dir='ltr'><strong>sancti.</strong></span> <span class='ocrx_word' id='word_1_34' title='bbox 482 1178 575 1243; x_wconf 81' lang='lat' dir='ltr'><strong>Tunc</strong></span> <span class='ocrx_word' id='word_1_35' title='bbox 600 1178 725 1243; x_wconf 86' lang='lat' dir='ltr'><strong>cunctis</strong></span> <span class='ocrx_word' id='word_1_36' title='bbox 754 1178 967 1257; x_wconf 88' lang='lat' dir='ltr'><strong>intuentibus,</strong></span> <span class='ocrx_word' id='word_1_37' title='bbox 991 1179 1099 1243; x_wconf 86' lang='lat' dir='ltr'><strong>fumus</strong></span> <span class='ocrx_word' id='word_1_38' title='bbox 1128 1181 1312 1245; x_wconf 87' lang='lat' dir='ltr'><strong>tetenimns</strong></span> 
     </span>
     <span class='ocr_line' id='line_1_6' title="bbox 313 1268 1311 1366; baseline 0.002 -20"><span class='ocrx_word' id='word_1_39' title='bbox 313 1289 385 1346; x_wconf 87' lang='lat' dir='ltr'><strong>atro</strong></span> <span class='ocrx_word' id='word_1_40' title='bbox 399 1303 510 1346; x_wconf 90' lang='lat' dir='ltr'><strong>cruore</strong></span> <span class='ocrx_word' id='word_1_41' title='bbox 525 1282 701 1366; x_wconf 86' lang='lat' dir='ltr'><strong>permixtus</strong></span> <span class='ocrx_word' id='word_1_42' title='bbox 715 1303 753 1344; x_wconf 86' lang='lat' dir='ltr'><strong>ex</strong></span> <span class='ocrx_word' id='word_1_43' title='bbox 769 1301 823 1344; x_wconf 91' lang='lat' dir='ltr'><strong>ore</strong></span> <span class='ocrx_word' id='word_1_44' title='bbox 839 1288 871 1345; x_wconf 87' lang='lat' dir='ltr'><strong>et</strong></span> <span class='ocrx_word' id='word_1_45' title='bbox 886 1281 1018 1346; x_wconf 89' lang='lat' dir='ltr'><strong>naribus</strong></span> <span class='ocrx_word' id='word_1_46' title='bbox 1033 1304 1143 1348; x_wconf 86' lang='lat' dir='ltr'><strong>eorum</strong></span> <span class='ocrx_word' id='word_1_47' title='bbox 1158 1268 1311 1363; x_wconf 81' lang='lat' dir='ltr'><strong>ebullivit,</strong></span> 
     </span>
     <span class='ocr_line' id='line_1_7' title="bbox 310 1377 1312 1469; baseline 0.003 -21"><span class='ocrx_word' id='word_1_48' title='bbox 310 1386 507 1469; x_wconf 85' lang='lat' dir='ltr'><strong>interimque</strong></span> <span class='ocrx_word' id='word_1_49' title='bbox 532 1386 696 1449; x_wconf 77' lang='lat' dir='ltr'><strong>firrvarum</strong></span> <span class='ocrx_word' id='word_1_50' title='bbox 721 1385 897 1467; x_wconf 89' lang='lat' dir='ltr'><strong>nigerrima</strong></span> <span class='ocrx_word' id='word_1_51' title='bbox 919 1377 1169 1468; x_wconf 80' lang='lat' dir='ltr'><strong>conglomeratio</strong></span> <span class='ocrx_word' id='word_1_52' title='bbox 1188 1409 1312 1451; x_wconf 89' lang='lat' dir='ltr'><strong>musca-</strong></span> 
     </span>
     <span class='ocr_line' id='line_1_8' title="bbox 312 1477 1312 1573; baseline 0.002 -21"><span class='ocrx_word' id='word_1_53' title='bbox 312 1510 387 1552; x_wconf 89' lang='lat' dir='ltr'><strong>rum</strong></span> <span class='ocrx_word' id='word_1_54' title='bbox 403 1489 577 1567; x_wconf 85' lang='lat' dir='ltr'><strong>effumavit,</strong></span> <span class='ocrx_word' id='word_1_55' title='bbox 593 1496 627 1551; x_wconf 90' lang='lat' dir='ltr'><strong>et</strong></span> <span class='ocrx_word' id='word_1_56' title='bbox 646 1487 794 1552; x_wconf 87' lang='lat' dir='ltr'><strong>stridenti</strong></span> <span class='ocrx_word' id='word_1_57' title='bbox 812 1489 1009 1573; x_wconf 87' lang='lat' dir='ltr'><strong>confusoque</strong></span> <span class='ocrx_word' id='word_1_58' title='bbox 1028 1490 1137 1554; x_wconf 90' lang='lat' dir='ltr'><strong>sonitu</strong></span> <span class='ocrx_word' id='word_1_59' title='bbox 1156 1490 1190 1553; x_wconf 93' lang='lat' dir='ltr'><strong>in</strong></span> <span class='ocrx_word' id='word_1_60' title='bbox 1206 1477 1312 1555; x_wconf 83' lang='lat' dir='ltr'><strong>aerem</strong></span> 
     </span>
     <span class='ocr_line' id='line_1_9' title="bbox 313 1579 1322 1675; baseline 0 -19"><span class='ocrx_word' id='word_1_61' title='bbox 313 1587 470 1657; x_wconf 86' lang='lat' dir='ltr'><strong>evolando</strong></span> <span class='ocrx_word' id='word_1_62' title='bbox 485 1591 650 1675; x_wconf 82' lang='lat' dir='ltr'><strong>disparuit.</strong></span> <span class='ocrx_word' id='word_1_63' title='bbox 946 1579 948 1584; x_wconf 31' lang='lat'>⁸</span> <span class='ocrx_word' id='word_1_64' title='bbox 1056 1579 1058 1582; x_wconf 27' lang='lat'><strong><em>¹</em></strong></span> <span class='ocrx_word' id='word_1_65' title='bbox 1170 1579 1171 1583; x_wconf 21' lang='lat'>¹</span> <span class='ocrx_word' id='word_1_66' title='bbox 1318 1596 1322 1602; x_wconf 80' lang='grc'><strong><em>’</em></strong></span> 
     </span>
    </p>

    <p class='ocr_par' dir='ltr' id='par_1_3' title="bbox 312 1690 1323 2194">
     <span class='ocr_line' id='line_1_10' title="bbox 359 1690 1322 1777; baseline -0.001 -16"><span class='ocrx_word' id='word_1_67' title='bbox 359 1696 450 1762; x_wconf 82' lang='lat' dir='ltr'><strong>Quos</strong></span> <span class='ocrx_word' id='word_1_68' title='bbox 469 1690 643 1759; x_wconf 86' lang='lat' dir='ltr'><strong>mundatos</strong></span> <span class='ocrx_word' id='word_1_69' title='bbox 663 1694 799 1758; x_wconf 87' lang='lat' dir='ltr'><strong>coelestis</strong></span> <span class='ocrx_word' id='word_1_70' title='bbox 822 1695 964 1760; x_wconf 89' lang='lat' dir='ltr'><strong>medicus</strong></span> <span class='ocrx_word' id='word_1_71' title='bbox 990 1696 1169 1777; x_wconf 83' lang='lat' dir='ltr'><strong>signamine</strong></span> <span class='ocrx_word' id='word_1_72' title='bbox 1195 1703 1322 1760; x_wconf 80' lang='lat' dir='ltr'><strong>sanctae&#39;</strong></span> 
     </span>
     <span class='ocr_line' id='line_1_11' title="bbox 313 1798 1321 1876; baseline -0.003 -12"><span class='ocrx_word' id='word_1_73' title='bbox 313 1800 419 1864; x_wconf 85' lang='lat' dir='ltr'><strong>crucis</strong></span> <span class='ocrx_word' id='word_1_74' title='bbox 441 1799 589 1876; x_wconf 87' lang='lat' dir='ltr'><strong>munivit,</strong></span> <span class='ocrx_word' id='word_1_75' title='bbox 618 1805 651 1862; x_wconf 89' lang='lat' dir='ltr'><strong>et</strong></span> <span class='ocrx_word' id='word_1_76' title='bbox 676 1798 712 1861; x_wconf 93' lang='lat' dir='ltr'><strong>in</strong></span> <span class='ocrx_word' id='word_1_77' title='bbox 737 1804 849 1861; x_wconf 87' lang='lat' dir='ltr'><strong>sancta</strong></span> <span class='ocrx_word' id='word_1_78' title='bbox 878 1799 1076 1863; x_wconf 87' lang='lat' dir='ltr'><strong>confessione</strong></span> <span class='ocrx_word' id='word_1_79' title='bbox 1105 1800 1321 1867; x_wconf 86' lang='lat' dir='ltr'><strong>confirmavit.&#39;</strong></span> 
     </span>
     <span class='ocr_line' id='line_1_12' title="bbox 314 1902 1323 1986; baseline -0.004 -17"><span class='ocrx_word' id='word_1_80' title='bbox 314 1903 383 1969; x_wconf 83' lang='lat' dir='ltr'><strong>Qui</strong></span> <span class='ocrx_word' id='word_1_81' title='bbox 396 1903 565 1967; x_wconf 89' lang='lat' dir='ltr'><strong>fidentiore</strong></span> <span class='ocrx_word' id='word_1_82' title='bbox 580 1902 688 1966; x_wconf 91' lang='lat' dir='ltr'><strong>animo</strong></span> <span class='ocrx_word' id='word_1_83' title='bbox 699 1902 942 1986; x_wconf 86' lang='lat' dir='ltr'><strong>perspicaciores</strong></span> <span class='ocrx_word' id='word_1_84' title='bbox 958 1903 1073 1982; x_wconf 89' lang='lat' dir='ltr'><strong>effecti,</strong></span> <span class='ocrx_word' id='word_1_85' title='bbox 1084 1903 1149 1966; x_wconf 91' lang='lat' dir='ltr'><strong>suis</strong></span> <span class='ocrx_word' id='word_1_86' title='bbox 1164 1903 1323 1967; x_wconf 84' lang='lat' dir='ltr'><strong>omnibns·</strong></span> 
     </span>
     <span class='ocr_line' id='line_1_13' title="bbox 312 2004 1323 2091; baseline 0 -20"><span class='ocrx_word' id='word_1_87' title='bbox 312 2005 556 2084; x_wconf 87' lang='lat' dir='ltr'><strong>renunciarunt,</strong></span> <span class='ocrx_word' id='word_1_88' title='bbox 572 2005 726 2089; x_wconf 88' lang='lat' dir='ltr'><strong>puerique</strong></span> <span class='ocrx_word' id='word_1_89' title='bbox 740 2004 829 2069; x_wconf 89' lang='lat' dir='ltr'><strong>beati</strong></span> <span class='ocrx_word' id='word_1_90' title='bbox 843 2005 951 2070; x_wconf 86' lang='lat' dir='ltr'><strong>Livini</strong></span> <span class='ocrx_word' id='word_1_91' title='bbox 970 2005 1132 2070; x_wconf 87' lang='lat' dir='ltr'><strong>adhaerere</strong></span> <span class='ocrx_word' id='word_1_92' title='bbox 1147 2015 1323 2091; x_wconf 89' lang='lat' dir='ltr'><strong>coeperunt&#39;</strong></span> 
     </span>
     <span class='ocr_line' id='line_1_14' title="bbox 314 2108 1323 2194; baseline 0.001 -21"><span class='ocrx_word' id='word_1_93' title='bbox 314 2110 466 2194; x_wconf 87' lang='lat' dir='ltr'><strong>vestigiis,</strong></span> <span class='ocrx_word' id='word_1_94' title='bbox 487 2118 520 2174; x_wconf 93' lang='lat' dir='ltr'><strong>et</strong></span> <span class='ocrx_word' id='word_1_95' title='bbox 542 2110 701 2191; x_wconf 91' lang='lat' dir='ltr'><strong>reliquum</strong></span> <span class='ocrx_word' id='word_1_96' title='bbox 720 2108 794 2172; x_wconf 86' lang='lat' dir='ltr'><strong>vitae</strong></span> <span class='ocrx_word' id='word_1_97' title='bbox 814 2125 880 2173; x_wconf 82' lang='lat' dir='ltr'><strong>suae</strong></span> <span class='ocrx_word' id='word_1_98' title='bbox 901 2116 1029 2192; x_wconf 89' lang='lat' dir='ltr'><strong>tempus</strong></span> <span class='ocrx_word' id='word_1_99' title='bbox 1051 2109 1088 2172; x_wconf 90' lang='lat' dir='ltr'><strong>in</strong></span> <span class='ocrx_word' id='word_1_100' title='bbox 1107 2118 1219 2173; x_wconf 91' lang='lat' dir='ltr'><strong>sancta</strong></span> <span class='ocrx_word' id='word_1_101' title='bbox 1238 2116 1323 2174; x_wconf 69' lang='lat' dir='ltr'><strong>con-‘</strong></span> 
     </span>
    </p>
   </div>
   <div class='ocr_carea' id='block_1_3' title="bbox 314 2201 1327 2710">
    <p class='ocr_par' dir='ltr' id='par_1_4' title="bbox 314 2201 1327 2710">
     <span class='ocr_line' id='line_1_15' title="bbox 315 2201 1326 2295; baseline 0.001 -19"><span class='ocrx_word' id='word_1_102' title='bbox 315 2214 496 2278; x_wconf 86' lang='lat' dir='ltr'><strong>versatione</strong></span> <span class='ocrx_word' id='word_1_103' title='bbox 521 2234 630 2276; x_wconf 91' lang='lat' dir='ltr'><strong>secum</strong></span> <span class='ocrx_word' id='word_1_104' title='bbox 655 2201 885 2295; x_wconf 83' lang='lat' dir='ltr'><strong>perduxerunt.</strong></span> <span class='ocrx_word' id='word_1_105' title='bbox 942 2212 1089 2278; x_wconf 78' lang='lat' dir='ltr'><strong>Quorum</strong></span> <span class='ocrx_word' id='word_1_106' title='bbox 1114 2235 1199 2276; x_wconf 88' lang='lat' dir='ltr'><strong>unus</strong></span> <span class='ocrx_word' id='word_1_107' title='bbox 1225 2214 1326 2277; x_wconf 61' lang='lat' dir='ltr'><strong>voca-&#39;³&#39;</strong></span> 
     </span>
     <span class='ocr_line' id='line_1_16' title="bbox 315 2316 1325 2400; baseline -0.001 -19"><span class='ocrx_word' id='word_1_108' title='bbox 315 2318 414 2381; x_wconf 86' lang='lat' dir='ltr'><strong>batur</strong></span> <span class='ocrx_word' id='word_1_109' title='bbox 430 2317 594 2396; x_wconf 90' lang='lat' dir='ltr'><strong>Herimus,</strong></span> <span class='ocrx_word' id='word_1_110' title='bbox 611 2317 691 2380; x_wconf 89' lang='lat' dir='ltr'><strong>alius</strong></span> <span class='ocrx_word' id='word_1_111' title='bbox 708 2316 943 2400; x_wconf 78' lang='lat' dir='ltr'><strong>simphronius,</strong></span> <span class='ocrx_word' id='word_1_112' title='bbox 952 2317 988 2380; x_wconf 92' lang='lat' dir='ltr'><strong>in</strong></span> <span class='ocrx_word' id='word_1_113' title='bbox 1002 2317 1066 2381; x_wconf 91' lang='lat' dir='ltr'><strong>fide</strong></span> <span class='ocrx_word' id='word_1_114' title='bbox 1082 2324 1200 2382; x_wconf 86' lang='lat' dir='ltr'><strong>sanctae</strong></span> <span class='ocrx_word' id='word_1_115' title='bbox 1211 2316 1325 2381; x_wconf 70' lang='lat' dir='ltr'><strong>&#39;irini-⁵</strong></span> 
     </span>
     <span class='ocr_line' id='line_1_17' title="bbox 314 2419 1326 2504; baseline 0.002 -20"><span class='ocrx_word' id='word_1_116' title='bbox 314 2421 403 2498; x_wconf 85' lang='lat' dir='ltr'><strong>tatis,</strong></span> <span class='ocrx_word' id='word_1_117' title='bbox 426 2421 571 2504; x_wconf 85' lang='lat' dir='ltr'><strong>exemplo</strong></span> <span class='ocrx_word' id='word_1_118' title='bbox 590 2420 636 2504; x_wconf 92' lang='lat' dir='ltr'><strong>pii</strong></span> <span class='ocrx_word' id='word_1_119' title='bbox 655 2420 811 2502; x_wconf 86' lang='lat' dir='ltr'><strong>magistri,</strong></span> <span class='ocrx_word' id='word_1_120' title='bbox 832 2419 1040 2503; x_wconf 84' lang='lat' dir='ltr'><strong>experiuntur</strong></span> <span class='ocrx_word' id='word_1_121' title='bbox 1059 2421 1145 2504; x_wconf 88' lang='lat' dir='ltr'><strong>apud</strong></span> <span class='ocrx_word' id='word_1_122' title='bbox 1164 2443 1223 2485; x_wconf 91' lang='lat' dir='ltr'><strong>nos</strong></span> <span class='ocrx_word' id='word_1_123' title='bbox 1243 2422 1326 2486; x_wconf 74' lang='lat' dir='ltr'><strong>Deo&#39;-</strong></span> 
     </span>
     <span class='ocr_line' id='line_1_18' title="bbox 314 2522 1315 2608; baseline 0.002 -22"><span class='ocrx_word' id='word_1_124' title='bbox 314 2524 406 2607; x_wconf 90' lang='lat' dir='ltr'><strong>digni</strong></span> <span class='ocrx_word' id='word_1_125' title='bbox 426 2532 459 2587; x_wconf 90' lang='lat' dir='ltr'><strong>et</strong></span> <span class='ocrx_word' id='word_1_126' title='bbox 479 2523 587 2587; x_wconf 80' lang='lat' dir='ltr'><strong>eximii</strong></span> <span class='ocrx_word' id='word_1_127' title='bbox 608 2524 803 2587; x_wconf 83' lang='lat' dir='ltr'><strong>confessores</strong></span> <span class='ocrx_word' id='word_1_128' title='bbox 823 2522 944 2602; x_wconf 91' lang='lat' dir='ltr'><strong>haberi,</strong></span> <span class='ocrx_word' id='word_1_129' title='bbox 966 2531 1000 2588; x_wconf 90' lang='lat' dir='ltr'><strong>et</strong></span> <span class='ocrx_word' id='word_1_130' title='bbox 1021 2525 1199 2589; x_wconf 86' lang='lat' dir='ltr'><strong>cohaeredes</strong></span> <span class='ocrx_word' id='word_1_131' title='bbox 1222 2525 1315 2608; x_wconf 89' lang='lat' dir='ltr'><strong>regni</strong></span> 
     </span>
     <span class='ocr_line' id='line_1_19' title="bbox 315 2612 1327 2710; baseline 0.002 -20"><span class='ocrx_word' id='word_1_132' title='bbox 315 2628 395 2691; x_wconf 77' lang='lat' dir='ltr'><strong>lesu</strong></span> <span class='ocrx_word' id='word_1_133' title='bbox 411 2627 540 2690; x_wconf 86' lang='lat' dir='ltr'><strong>Christi.</strong></span> <span class='ocrx_word' id='word_1_134' title='bbox 585 2622 714 2691; x_wconf 72' lang='lat' dir='ltr'><strong>Talibus</strong></span> <span class='ocrx_word' id='word_1_135' title='bbox 729 2627 830 2710; x_wconf 88' lang='lat' dir='ltr'><strong>igitur</strong></span> <span class='ocrx_word' id='word_1_136' title='bbox 845 2627 1048 2710; x_wconf 91' lang='lat' dir='ltr'><strong>omnipotens</strong></span> <span class='ocrx_word' id='word_1_137' title='bbox 1063 2625 1163 2706; x_wconf 88' lang='lat' dir='ltr'><strong>Deus,</strong></span> <span class='ocrx_word' id='word_1_138' title='bbox 1176 2612 1327 2692; x_wconf 65' lang='lat' dir='ltr'><strong>cereris:</strong></span> 
     </span>
    </p>
   </div>
   <div class='ocr_carea' id='block_1_4' title="bbox 266 2729 1334 4758">
    <p class='ocr_par' dir='ltr' id='par_1_5' title="bbox 266 2729 1334 4055">
     <span class='ocr_line' id='line_1_20' title="bbox 266 2729 1327 2819; baseline 0.003 -26"><span class='ocrx_word' id='word_1_139' title='bbox 266 2811 271 2819; x_wconf 31' lang='grc' dir='ltr'>Ι</span> <span class='ocrx_word' id='word_1_140' title='bbox 315 2751 379 2812; x_wconf 87' lang='lat' dir='ltr'><strong>que</strong></span> <span class='ocrx_word' id='word_1_141' title='bbox 398 2730 513 2794; x_wconf 90' lang='lat' dir='ltr'><strong>divinis</strong></span> <span class='ocrx_word' id='word_1_142' title='bbox 533 2730 818 2815; x_wconf 86' lang='lat' dir='ltr'><strong>praeconandorum</strong></span> <span class='ocrx_word' id='word_1_143' title='bbox 835 2730 983 2813; x_wconf 88' lang='lat' dir='ltr'><strong>insigniis</strong></span> <span class='ocrx_word' id='word_1_144' title='bbox 1001 2729 1210 2814; x_wconf 86' lang='lat' dir='ltr'><strong>magnalium,</strong></span> <span class='ocrx_word' id='word_1_145' title='bbox 1227 2732 1327 2797; x_wconf 51' lang='lat' dir='ltr'><strong>hunc?</strong></span> 
     </span>
     <span class='ocr_line' id='line_1_21' title="bbox 318 2822 1315 2899; baseline 0.001 -2"><span class='ocrx_word' id='word_1_146' title='bbox 318 2826 476 2898; x_wconf 89' lang='lat' dir='ltr'><strong>dilectum</strong></span> <span class='ocrx_word' id='word_1_147' title='bbox 487 2824 645 2898; x_wconf 86' lang='lat' dir='ltr'><strong>famulum</strong></span> <span class='ocrx_word' id='word_1_148' title='bbox 660 2822 902 2898; x_wconf 81' lang='lat' dir='ltr'><strong>suum&#39;beatum</strong></span> <span class='ocrx_word' id='word_1_149' title='bbox 913 2833 1063 2898; x_wconf 88' lang='lat' dir='ltr'><strong>Livinum</strong></span> <span class='ocrx_word' id='word_1_150' title='bbox 1078 2835 1199 2899; x_wconf 89' lang='lat' dir='ltr'><strong>mundo</strong></span> <span class='ocrx_word' id='word_1_151' title='bbox 1213 2836 1315 2899; x_wconf 90' lang='lat' dir='ltr'><strong>mani-</strong></span> 
     </span>
     <span class='ocr_line' id='line_1_22' title="bbox 316 2937 1330 3021; baseline 0.004 -21"><span class='ocrx_word' id='word_1_152' title='bbox 316 2938 429 3002; x_wconf 82' lang='lat' dir='ltr'><strong>festari</strong></span> <span class='ocrx_word' id='word_1_153' title='bbox 452 2939 563 3016; x_wconf 89' lang='lat' dir='ltr'><strong>voluit,</strong></span> <span class='ocrx_word' id='word_1_154' title='bbox 587 2945 620 3002; x_wconf 89' lang='lat' dir='ltr'><strong>et</strong></span> <span class='ocrx_word' id='word_1_155' title='bbox 645 2937 846 3021; x_wconf 84' lang='lat' dir='ltr'><strong>perspicabili</strong></span> <span class='ocrx_word' id='word_1_156' title='bbox 874 2939 999 3002; x_wconf 91' lang='lat' dir='ltr'><strong>ratione</strong></span> <span class='ocrx_word' id='word_1_157' title='bbox 1030 2938 1219 3003; x_wconf 88' lang='lat' dir='ltr'><strong>discretialis</strong></span> <span class='ocrx_word' id='word_1_158' title='bbox 1249 2939 1330 3004; x_wconf 85' lang='lat' dir='ltr'><strong>snae¹</strong></span> 
     </span>
     <span class='ocr_line' id='line_1_23' title="bbox 319 3041 1316 3127; baseline 0 -21"><span class='ocrx_word' id='word_1_159' title='bbox 319 3043 537 3127; x_wconf 86' lang='lat' dir='ltr'><strong>dispositionis</strong></span> <span class='ocrx_word' id='word_1_160' title='bbox 561 3041 605 3105; x_wconf 91' lang='lat' dir='ltr'><strong>sic</strong></span> <span class='ocrx_word' id='word_1_161' title='bbox 628 3041 852 3105; x_wconf 88' lang='lat' dir='ltr'><strong>venerabiliter</strong></span> <span class='ocrx_word' id='word_1_162' title='bbox 874 3043 1049 3106; x_wconf 90' lang='lat' dir='ltr'><strong>electorum</strong></span> <span class='ocrx_word' id='word_1_163' title='bbox 1072 3063 1203 3105; x_wconf 91' lang='lat' dir='ltr'><strong>suornm</strong></span> <span class='ocrx_word' id='word_1_164' title='bbox 1226 3044 1316 3126; x_wconf 91' lang='lat' dir='ltr'><strong>(quos</strong></span> 
     </span>
     <span class='ocr_line' id='line_1_24' title="bbox 320 3143 1317 3231; baseline -0.003 -20"><span class='ocrx_word' id='word_1_165' title='bbox 320 3155 398 3212; x_wconf 90' lang='lat' dir='ltr'><strong>ante</strong></span> <span class='ocrx_word' id='word_1_166' title='bbox 412 3147 526 3211; x_wconf 91' lang='lat' dir='ltr'><strong>mundi</strong></span> <span class='ocrx_word' id='word_1_167' title='bbox 541 3145 806 3210; x_wconf 88' lang='lat' dir='ltr'><strong>constitutionem</strong></span> <span class='ocrx_word' id='word_1_168' title='bbox 825 3146 861 3208; x_wconf 92' lang='lat' dir='ltr'><strong>in</strong></span> <span class='ocrx_word' id='word_1_169' title='bbox 879 3146 1106 3231; x_wconf 90' lang='lat' dir='ltr'><strong>sempiternam</strong></span> <span class='ocrx_word' id='word_1_170' title='bbox 1125 3143 1185 3208; x_wconf 90' lang='lat' dir='ltr'><strong>sibi</strong></span> <span class='ocrx_word' id='word_1_171' title='bbox 1199 3165 1317 3229; x_wconf 86' lang='lat' dir='ltr'><strong>praeor-</strong></span> 
     </span>
     <span class='ocr_line' id='line_1_25' title="bbox 318 3247 1315 3333; baseline -0.003 -19"><span class='ocrx_word' id='word_1_172' title='bbox 318 3250 441 3314; x_wconf 87' lang='lat' dir='ltr'><strong>dinavit</strong></span> <span class='ocrx_word' id='word_1_173' title='bbox 456 3250 600 3333; x_wconf 88' lang='lat' dir='ltr'><strong>gloriam,</strong></span> <span class='ocrx_word' id='word_1_174' title='bbox 616 3248 731 3332; x_wconf 90' lang='lat' dir='ltr'><strong>quibus</strong></span> <span class='ocrx_word' id='word_1_175' title='bbox 746 3248 946 3333; x_wconf 86' lang='lat' dir='ltr'><strong>praeconibns</strong></span> <span class='ocrx_word' id='word_1_176' title='bbox 964 3247 1107 3312; x_wconf 88' lang='lat' dir='ltr'><strong>veritatis</strong></span> <span class='ocrx_word' id='word_1_177' title='bbox 1123 3267 1188 3311; x_wconf 86' lang='lat' dir='ltr'><strong>suae</strong></span> <span class='ocrx_word' id='word_1_178' title='bbox 1202 3247 1315 3311; x_wconf 91' lang='lat' dir='ltr'><strong>lumen</strong></span> 
     </span>
     <span class='ocr_line' id='line_1_26' title="bbox 318 3350 1328 3436; baseline -0.003 -19"><span class='ocrx_word' id='word_1_179' title='bbox 318 3353 514 3436; x_wconf 84' lang='lat' dir='ltr'><strong>ostenderet)</strong></span> <span class='ocrx_word' id='word_1_180' title='bbox 537 3352 745 3416; x_wconf 87' lang='lat' dir='ltr'><strong>sacrosanctis</strong></span> <span class='ocrx_word' id='word_1_181' title='bbox 768 3350 1041 3416; x_wconf 84' lang='lat' dir='ltr'><strong>contribunalium</strong></span> <span class='ocrx_word' id='word_1_182' title='bbox 1063 3350 1233 3434; x_wconf 86' lang='lat' dir='ltr'><strong>aggregari</strong></span> <span class='ocrx_word' id='word_1_183' title='bbox 1255 3350 1328 3414; x_wconf 53' lang='lat' dir='ltr'><strong>cle-¹</strong></span> 
     </span>
     <span class='ocr_line' id='line_1_27' title="bbox 319 3453 1332 3539; baseline -0.001 -20"><span class='ocrx_word' id='word_1_184' title='bbox 319 3455 461 3519; x_wconf 92' lang='lat' dir='ltr'><strong>mentius</strong></span> <span class='ocrx_word' id='word_1_185' title='bbox 484 3455 631 3534; x_wconf 87' lang='lat' dir='ltr'><strong>decrevit,</strong></span> <span class='ocrx_word' id='word_1_186' title='bbox 651 3455 842 3519; x_wconf 88' lang='lat' dir='ltr'><strong>meritorum</strong></span> <span class='ocrx_word' id='word_1_187' title='bbox 864 3453 1047 3518; x_wconf 89' lang='lat' dir='ltr'><strong>virtutibus.</strong></span> <span class='ocrx_word' id='word_1_188' title='bbox 1095 3453 1158 3539; x_wconf 82' lang='lat' dir='ltr'><strong>Sed</strong></span> <span class='ocrx_word' id='word_1_189' title='bbox 1181 3453 1332 3538; x_wconf 63' lang='lat' dir='ltr'><strong>egregiae‘</strong></span> 
     </span>
     <span class='ocr_line' id='line_1_28' title="bbox 319 3557 1329 3646; baseline 0 -25"><span class='ocrx_word' id='word_1_190' title='bbox 319 3558 418 3621; x_wconf 86' lang='lat' dir='ltr'><strong>etiarn</strong></span> <span class='ocrx_word' id='word_1_191' title='bbox 433 3558 549 3622; x_wconf 91' lang='lat' dir='ltr'><strong>indolis</strong></span> <span class='ocrx_word' id='word_1_192' title='bbox 563 3580 644 3642; x_wconf 90' lang='lat' dir='ltr'><strong>puer</strong></span> <span class='ocrx_word' id='word_1_193' title='bbox 661 3557 778 3621; x_wconf 86' lang='lat' dir='ltr'><strong>divinis</strong></span> <span class='ocrx_word' id='word_1_194' title='bbox 798 3557 987 3621; x_wconf 88' lang='lat' dir='ltr'><strong>muneribus</strong></span> <span class='ocrx_word' id='word_1_195' title='bbox 1007 3557 1184 3635; x_wconf 90' lang='lat' dir='ltr'><strong>decoratus,</strong></span> <span class='ocrx_word' id='word_1_196' title='bbox 1201 3557 1329 3646; x_wconf 88' lang='lat' dir='ltr'><strong>spiritu</strong></span> 
     </span>
     <span class='ocr_line' id='line_1_29' title="bbox 317 3660 1317 3745; baseline 0 -21"><span class='ocrx_word' id='word_1_197' title='bbox 317 3661 511 3726; x_wconf 89' lang='lat' dir='ltr'><strong>humilitatis</strong></span> <span class='ocrx_word' id='word_1_198' title='bbox 530 3661 722 3745; x_wconf 82' lang='lat' dir='ltr'><strong>perlucidus,</strong></span> <span class='ocrx_word' id='word_1_199' title='bbox 737 3660 1030 3745; x_wconf 88' lang='lat' dir='ltr'><strong>incomparabiliter</strong></span> <span class='ocrx_word' id='word_1_200' title='bbox 1047 3660 1317 3744; x_wconf 87' lang='lat' dir='ltr'><strong>contemplatione</strong></span> 
     </span>
     <span class='ocr_line' id='line_1_30' title="bbox 321 3763 1319 3848; baseline -0.002 -20"><span class='ocrx_word' id='word_1_201' title='bbox 321 3766 443 3828; x_wconf 83' lang='lat' dir='ltr'><strong>fntnrae</strong></span> <span class='ocrx_word' id='word_1_202' title='bbox 462 3765 535 3828; x_wconf 81' lang='lat' dir='ltr'><strong>vitae</strong></span> <span class='ocrx_word' id='word_1_203' title='bbox 556 3786 738 3848; x_wconf 89' lang='lat' dir='ltr'><strong>suspensus,</strong></span> <span class='ocrx_word' id='word_1_204' title='bbox 754 3784 893 3848; x_wconf 88' lang='lat' dir='ltr'><strong>superna</strong></span> <span class='ocrx_word' id='word_1_205' title='bbox 914 3763 1130 3846; x_wconf 86' lang='lat' dir='ltr'><strong>praeveniente</strong></span> <span class='ocrx_word' id='word_1_206' title='bbox 1152 3763 1264 3846; x_wconf 89' lang='lat' dir='ltr'><strong>gratia,</strong></span> <span class='ocrx_word' id='word_1_207' title='bbox 1285 3771 1319 3826; x_wconf 91' lang='lat' dir='ltr'><strong>et</strong></span> 
     </span>
     <span class='ocr_line' id='line_1_31' title="bbox 319 3866 1334 3952; baseline -0.003 -20"><span class='ocrx_word' id='word_1_208' title='bbox 319 3867 463 3951; x_wconf 87' lang='lat' dir='ltr'><strong>benigna</strong></span> <span class='ocrx_word' id='word_1_209' title='bbox 482 3868 550 3952; x_wconf 80' lang='lat' dir='ltr'><strong>ejus</strong></span> <span class='ocrx_word' id='word_1_210' title='bbox 572 3868 786 3951; x_wconf 89' lang='lat' dir='ltr'><strong>subsequente</strong></span> <span class='ocrx_word' id='word_1_211' title='bbox 806 3868 982 3946; x_wconf 89' lang='lat' dir='ltr'><strong>voluntate,</strong></span> <span class='ocrx_word' id='word_1_212' title='bbox 997 3867 1097 3931; x_wconf 89' lang='lat' dir='ltr'><strong>totins</strong></span> <span class='ocrx_word' id='word_1_213' title='bbox 1114 3866 1334 3949; x_wconf 64' lang='lat' dir='ltr'><strong>perfectionis¹</strong></span> 
     </span>
     <span class='ocr_line' id='line_1_32' title="bbox 320 3970 1330 4055; baseline -0.001 -21"><span class='ocrx_word' id='word_1_214' title='bbox 320 3971 508 4034; x_wconf 87' lang='lat' dir='ltr'><strong>desudando</strong></span> <span class='ocrx_word' id='word_1_215' title='bbox 523 3971 693 4055; x_wconf 89' lang='lat' dir='ltr'><strong>appetebat</strong></span> <span class='ocrx_word' id='word_1_216' title='bbox 708 3971 857 4035; x_wconf 90' lang='lat' dir='ltr'><strong>columen</strong></span> <span class='ocrx_word' id='word_1_217' title='bbox 871 3970 1041 4054; x_wconf 87' lang='lat' dir='ltr'><strong>possidere.</strong></span> <span class='ocrx_word' id='word_1_218' title='bbox 1328 3978 1330 3987; x_wconf 83' lang='grc'>’</span> 
     </span>
    </p>

    <p class='ocr_par' dir='ltr' id='par_1_6' title="bbox 316 4062 1333 4672">
     <span class='ocr_line' id='line_1_33' title="bbox 363 4062 1333 4162; baseline -0.004 -25"><span class='ocrx_word' id='word_1_219' title='bbox 363 4074 681 4138; x_wconf 84' lang='lat' dir='ltr'><strong>Ecclesiasticae.vero</strong></span> <span class='ocrx_word' id='word_1_220' title='bbox 696 4095 845 4138; x_wconf 89' lang='lat' dir='ltr'><strong>normam</strong></span> <span class='ocrx_word' id='word_1_221' title='bbox 860 4074 1035 4158; x_wconf 82' lang='lat' dir='ltr'><strong>disciplinae</strong></span> <span class='ocrx_word' id='word_1_222' title='bbox 1055 4072 1096 4162; x_wconf 89' lang='lat' dir='ltr'><strong>ad</strong></span> <span class='ocrx_word' id='word_1_223' title='bbox 1113 4071 1212 4135; x_wconf 85' lang='lat' dir='ltr'><strong>vitam</strong></span> <span class='ocrx_word' id='word_1_224' title='bbox 1227 4062 1333 4134; x_wconf 55' lang='lat' dir='ltr'><strong>suam*</strong></span> 
     </span>
     <span class='ocr_line' id='line_1_34' title="bbox 319 4174 1319 4260; baseline -0.004 -20"><span class='ocrx_word' id='word_1_225' title='bbox 319 4177 609 4260; x_wconf 87' lang='lat' dir='ltr'><strong>contemplabiliter</strong></span> <span class='ocrx_word' id='word_1_226' title='bbox 631 4177 873 4256; x_wconf 87' lang='lat' dir='ltr'><strong>moderandam,</strong></span> <span class='ocrx_word' id='word_1_227' title='bbox 896 4177 1038 4241; x_wconf 89' lang='lat' dir='ltr'><strong>orditum</strong></span> <span class='ocrx_word' id='word_1_228' title='bbox 1064 4176 1205 4258; x_wconf 88' lang='lat' dir='ltr'><strong>elegerat</strong></span> <span class='ocrx_word' id='word_1_229' title='bbox 1230 4174 1319 4258; x_wconf 90' lang='lat' dir='ltr'><strong>apud</strong></span> 
     </span>
     <span class='ocr_line' id='line_1_35' title="bbox 316 4277 1332 4366; baseline -0.005 -21"><span class='ocrx_word' id='word_1_230' title='bbox 316 4281 450 4345; x_wconf 85' lang='lat' dir='ltr'><strong>beatum</strong></span> <span class='ocrx_word' id='word_1_231' title='bbox 471 4281 657 4364; x_wconf 90' lang='lat' dir='ltr'><strong>Benignum</strong></span> <span class='ocrx_word' id='word_1_232' title='bbox 679 4280 909 4366; x_wconf 87' lang='lat' dir='ltr'><strong>Presbyterum</strong></span> <span class='ocrx_word' id='word_1_233' title='bbox 936 4279 1070 4344; x_wconf 88' lang='lat' dir='ltr'><strong>Scoticae</strong></span> <span class='ocrx_word' id='word_1_234' title='bbox 1091 4277 1332 4361; x_wconf 71' lang='lat' dir='ltr'><strong>generositatis³</strong></span> 
     </span>
     <span class='ocr_line' id='line_1_36' title="bbox 319 4371 1319 4473; baseline -0.005 -24"><span class='ocrx_word' id='word_1_235' title='bbox 319 4385 377 4449; x_wconf 87' lang='lat' dir='ltr'><strong>alti</strong></span> <span class='ocrx_word' id='word_1_236' title='bbox 402 4385 569 4468; x_wconf 85' lang='lat' dir='ltr'><strong>sanguinis</strong></span> <span class='ocrx_word' id='word_1_237' title='bbox 593 4385 709 4473; x_wconf 84' lang='lat' dir='ltr'><strong>virum,</strong></span> <span class='ocrx_word' id='word_1_238' title='bbox 733 4385 789 4448; x_wconf 90' lang='lat' dir='ltr'><strong>sed</strong></span> <span class='ocrx_word' id='word_1_239' title='bbox 814 4371 919 4450; x_wconf 86' lang='lat' dir='ltr'><strong>altiori</strong></span> <span class='ocrx_word' id='word_1_240' title='bbox 948 4391 1131 4447; x_wconf 88' lang='lat' dir='ltr'><strong>sanctarum</strong></span> <span class='ocrx_word' id='word_1_241' title='bbox 1161 4380 1319 4445; x_wconf 90' lang='lat' dir='ltr'><strong>virtutum</strong></span> 
     </span>
     <span class='ocr_line' id='line_1_37' title="bbox 319 4483 1319 4571; baseline -0.003 -21"><span class='ocrx_word' id='word_1_242' title='bbox 319 4487 545 4551; x_wconf 84' lang='lat' dir='ltr'><strong>clarificatione</strong></span> <span class='ocrx_word' id='word_1_243' title='bbox 559 4487 731 4570; x_wconf 84' lang='lat' dir='ltr'><strong>prolatum,</strong></span> <span class='ocrx_word' id='word_1_244' title='bbox 747 4508 766 4550; x_wconf 85' lang='lat' dir='ltr'><strong>a</strong></span> <span class='ocrx_word' id='word_1_245' title='bbox 781 4509 845 4571; x_wconf 91' lang='lat' dir='ltr'><strong>quo</strong></span> <span class='ocrx_word' id='word_1_246' title='bbox 858 4486 998 4570; x_wconf 90' lang='lat' dir='ltr'><strong>denique</strong></span> <span class='ocrx_word' id='word_1_247' title='bbox 1020 4483 1178 4569; x_wconf 87' lang='lat' dir='ltr'><strong>spirituali</strong></span> <span class='ocrx_word' id='word_1_248' title='bbox 1194 4483 1319 4548; x_wconf 90' lang='lat' dir='ltr'><strong>distric-</strong></span> 
     </span>
     <span class='ocr_line' id='line_1_38' title="bbox 317 4590 1318 4672; baseline -0.002 -18"><span class='ocrx_word' id='word_1_249' title='bbox 317 4591 406 4655; x_wconf 87' lang='lat' dir='ltr'><strong>tione</strong></span> <span class='ocrx_word' id='word_1_250' title='bbox 430 4612 504 4654; x_wconf 92' lang='lat' dir='ltr'><strong>cum</strong></span> <span class='ocrx_word' id='word_1_251' title='bbox 531 4591 653 4654; x_wconf 87' lang='lat' dir='ltr'><strong>devotae</strong></span> <span class='ocrx_word' id='word_1_252' title='bbox 676 4591 794 4654; x_wconf 90' lang='lat' dir='ltr'><strong>mentis</strong></span> <span class='ocrx_word' id='word_1_253' title='bbox 816 4590 1036 4654; x_wconf 85' lang='lat' dir='ltr'><strong>teneritudine</strong></span> <span class='ocrx_word' id='word_1_254' title='bbox 1063 4595 1318 4672; x_wconf 82' lang='lat' dir='ltr'><strong>appetens-con-</strong></span> 
     </span>
    </p>

    <p class='ocr_par' dir='ltr' id='par_1_7' title="bbox 794 4698 844 4758">
     <span class='ocr_line' id='line_1_39' title="bbox 794 4698 844 4758; baseline 0.04 -2"><span class='ocrx_word' id='word_1_255' title='bbox 794 4698 844 4758; x_wconf 79' lang='lat'><strong>12</strong></span> 
     </span>
    </p>
   </div>
   <div class='ocr_carea' id='block_1_5' title="bbox 0 0 1643 5467">
    <p class='ocr_par' dir='ltr' id='par_1_8' title="bbox 0 0 1643 5467">
     <span class='ocr_line' id='line_1_40' title="bbox 0 0 1643 5467; baseline 0 0"><span class='ocrx_word' id='word_1_256' title='bbox 0 0 1643 5467; x_wconf 95' lang='lat' dir='ltr'><strong> </strong></span> 
     </span>
    </p>
   </div>
  </div>
 </body>
</html>
