<?xml version="1.0" encoding="UTF-8"?>
<!DOCTYPE html PUBLIC "-//W3C//DTD XHTML 1.0 Transitional//EN"
    "http://www.w3.org/TR/xhtml1/DTD/xhtml1-transitional.dtd">
<html xmlns="http://www.w3.org/1999/xhtml" xml:lang="en" lang="en">
 <head>
  <title>
</title>
<meta http-equiv="Content-Type" content="text/html;charset=utf-8" />
  <meta name='ocr-system' content='tesseract 3.04.00' />
  <meta name='ocr-capabilities' content='ocr_page ocr_carea ocr_par ocr_line ocrx_word'/>
</head>
<body>
  <div class='ocr_page' id='page_1' title='image "./operaquaeextant00bonigoog_0141.png"; bbox 0 0 3259 5467; ppageno 0'>
   <div class='ocr_carea' id='block_1_1' title="bbox 318 669 1156 741">
    <p class='ocr_par' dir='ltr' id='par_1_1' title="bbox 318 669 1156 741">
     <span class='ocr_line' id='line_1_1' title="bbox 318 669 1156 741; baseline -0.004 -1"><span class='ocrx_word' id='word_1_1' title='bbox 318 678 382 741; x_wconf 75' lang='lat'>134</span> <span class='ocrx_word' id='word_1_2' title='bbox 475 669 643 741; x_wconf 75' lang='lat' dir='ltr'>bonmnon</span> <span class='ocrx_word' id='word_1_3' title='bbox 658 693 909 738; x_wconf 76' lang='lat' dir='ltr'>nncnmrrscorr</span> <span class='ocrx_word' id='word_1_4' title='bbox 921 693 963 736; x_wconf 84' lang='lat' dir='ltr'>nr</span> <span class='ocrx_word' id='word_1_5' title='bbox 979 692 1156 738; x_wconf 69' lang='lat' dir='ltr'>nsn&#39;rvnrs</span> 
     </span>
    </p>
   </div>
   <div class='ocr_carea' id='block_1_2' title="bbox 312 834 1321 3918">
    <p class='ocr_par' dir='ltr' id='par_1_2' title="bbox 312 834 1321 3918">
     <span class='ocr_line' id='line_1_2' title="bbox 316 834 1315 917; baseline -0.003 -14"><span class='ocrx_word' id='word_1_6' title='bbox 316 837 539 903; x_wconf 81' lang='lat' dir='ltr'>delectabilem</span> <span class='ocrx_word' id='word_1_7' title='bbox 551 836 657 914; x_wconf 89' lang='lat' dir='ltr'>nimis,</span> <span class='ocrx_word' id='word_1_8' title='bbox 669 843 702 900; x_wconf 89' lang='lat' dir='ltr'>et</span> <span class='ocrx_word' id='word_1_9' title='bbox 717 834 918 917; x_wconf 79' lang='lat' dir='ltr'>benignitate</span> <span class='ocrx_word' id='word_1_10' title='bbox 932 834 1075 914; x_wconf 80' lang='lat' dir='ltr'>Domini,</span> <span class='ocrx_word' id='word_1_11' title='bbox 1087 835 1315 900; x_wconf 81' lang='lat' dir='ltr'>exuberantem</span> 
     </span>
     <span class='ocr_line' id='line_1_3' title="bbox 314 937 1314 1022; baseline -0.004 -16"><span class='ocrx_word' id='word_1_12' title='bbox 314 943 398 1006; x_wconf 89' lang='lat' dir='ltr'>lacte</span> <span class='ocrx_word' id='word_1_13' title='bbox 412 948 445 1005; x_wconf 92' lang='lat' dir='ltr'>et</span> <span class='ocrx_word' id='word_1_14' title='bbox 460 941 565 1019; x_wconf 91' lang='lat' dir='ltr'>melle,</span> <span class='ocrx_word' id='word_1_15' title='bbox 581 946 614 1004; x_wconf 93' lang='lat' dir='ltr'>et</span> <span class='ocrx_word' id='word_1_16' title='bbox 629 938 827 1003; x_wconf 88' lang='lat' dir='ltr'>diversarum</span> <span class='ocrx_word' id='word_1_17' title='bbox 841 937 982 1021; x_wconf 80' lang='lat' dir='ltr'>frugum,</span> <span class='ocrx_word' id='word_1_18' title='bbox 998 937 1215 1022; x_wconf 87' lang='lat' dir='ltr'>arborumque</span> <span class='ocrx_word' id='word_1_19' title='bbox 1229 939 1314 1003; x_wconf 57' lang='lat' dir='ltr'>fertiss</span> 
     </span>
     <span class='ocr_line' id='line_1_4' title="bbox 315 1040 1315 1129; baseline -0.001 -21"><span class='ocrx_word' id='word_1_20' title='bbox 315 1045 417 1123; x_wconf 90' lang='lat' dir='ltr'>litate,</span> <span class='ocrx_word' id='word_1_21' title='bbox 433 1045 643 1126; x_wconf 90' lang='lat' dir='ltr'>omniumque</span> <span class='ocrx_word' id='word_1_22' title='bbox 657 1042 816 1129; x_wconf 91' lang='lat' dir='ltr'>bonorum</span> <span class='ocrx_word' id='word_1_23' title='bbox 831 1040 1030 1105; x_wconf 88' lang='lat' dir='ltr'>abundantia</span> <span class='ocrx_word' id='word_1_24' title='bbox 1048 1041 1173 1105; x_wconf 85' lang='lat' dir='ltr'>affatim</span> <span class='ocrx_word' id='word_1_25' title='bbox 1188 1043 1315 1107; x_wconf 86' lang='lat' dir='ltr'>affluen-</span> 
     </span>
     <span class='ocr_line' id='line_1_5' title="bbox 315 1145 1316 1230; baseline -0.004 -18"><span class='ocrx_word' id='word_1_26' title='bbox 315 1156 394 1212; x_wconf 86' lang='lat' dir='ltr'>tem.</span> <span class='ocrx_word' id='word_1_27' title='bbox 444 1147 572 1212; x_wconf 86' lang='lat' dir='ltr'>Incolas</span> <span class='ocrx_word' id='word_1_28' title='bbox 599 1167 725 1230; x_wconf 91' lang='lat' dir='ltr'>quoque</span> <span class='ocrx_word' id='word_1_29' title='bbox 750 1145 911 1229; x_wconf 90' lang='lat' dir='ltr'>personali</span> <span class='ocrx_word' id='word_1_30' title='bbox 934 1145 1039 1210; x_wconf 88' lang='lat' dir='ltr'>forma</span> <span class='ocrx_word' id='word_1_31' title='bbox 1062 1166 1234 1229; x_wconf 89' lang='lat' dir='ltr'>corporum</span> <span class='ocrx_word' id='word_1_32' title='bbox 1258 1145 1316 1209; x_wconf 79' lang='lat' dir='ltr'>mi-</span> 
     </span>
     <span class='ocr_line' id='line_1_6' title="bbox 315 1248 1316 1333; baseline -0.003 -18"><span class='ocrx_word' id='word_1_33' title='bbox 315 1258 437 1329; x_wconf 88' lang='lat' dir='ltr'>cantes,</span> <span class='ocrx_word' id='word_1_34' title='bbox 470 1251 560 1315; x_wconf 90' lang='lat' dir='ltr'>cultu</span> <span class='ocrx_word' id='word_1_35' title='bbox 594 1249 859 1313; x_wconf 82' lang='lat' dir='ltr'>vestimentorum</span> <span class='ocrx_word' id='word_1_36' title='bbox 892 1248 1094 1332; x_wconf 87' lang='lat' dir='ltr'>compositos,</span> <span class='ocrx_word' id='word_1_37' title='bbox 1124 1249 1254 1333; x_wconf 90' lang='lat' dir='ltr'>loquela</span> <span class='ocrx_word' id='word_1_38' title='bbox 1284 1254 1316 1312; x_wconf 86' lang='lat' dir='ltr'>et</span> 
     </span>
     <span class='ocr_line' id='line_1_7' title="bbox 315 1351 1317 1435; baseline -0.003 -17"><span class='ocrx_word' id='word_1_39' title='bbox 315 1374 443 1418; x_wconf 91' lang='lat' dir='ltr'>morum</span> <span class='ocrx_word' id='word_1_40' title='bbox 463 1352 619 1435; x_wconf 84' lang='lat' dir='ltr'>gravitate</span> <span class='ocrx_word' id='word_1_41' title='bbox 638 1353 799 1428; x_wconf 87' lang='lat' dir='ltr'>honestos,</span> <span class='ocrx_word' id='word_1_42' title='bbox 817 1351 1040 1435; x_wconf 79' lang='lat' dir='ltr'>magnanimos</span> <span class='ocrx_word' id='word_1_43' title='bbox 1059 1352 1153 1430; x_wconf 90' lang='lat' dir='ltr'>viros,</span> <span class='ocrx_word' id='word_1_44' title='bbox 1172 1352 1317 1434; x_wconf 82' lang='lat' dir='ltr'>egregios</span> 
     </span>
     <span class='ocr_line' id='line_1_8' title="bbox 314 1453 1316 1540; baseline -0.002 -20"><span class='ocrx_word' id='word_1_45' title='bbox 314 1456 519 1540; x_wconf 89' lang='lat' dir='ltr'>praeliatores,</span> <span class='ocrx_word' id='word_1_46' title='bbox 535 1455 636 1538; x_wconf 82' lang='lat' dir='ltr'>regali</span> <span class='ocrx_word' id='word_1_47' title='bbox 650 1454 765 1518; x_wconf 90' lang='lat' dir='ltr'>militia</span> <span class='ocrx_word' id='word_1_48' title='bbox 780 1454 922 1532; x_wconf 88' lang='lat' dir='ltr'>idoneos,</span> <span class='ocrx_word' id='word_1_49' title='bbox 938 1462 971 1518; x_wconf 91' lang='lat' dir='ltr'>et</span> <span class='ocrx_word' id='word_1_50' title='bbox 986 1453 1075 1517; x_wconf 91' lang='lat' dir='ltr'>omni</span> <span class='ocrx_word' id='word_1_51' title='bbox 1089 1455 1316 1518; x_wconf 79' lang='lat' dir='ltr'>exercitatione</span> 
     </span>
     <span class='ocr_line' id='line_1_9' title="bbox 316 1557 1318 1643; baseline 0 -20"><span class='ocrx_word' id='word_1_52' title='bbox 316 1560 497 1625; x_wconf 88' lang='lat' dir='ltr'>studiorum</span> <span class='ocrx_word' id='word_1_53' title='bbox 518 1581 650 1623; x_wconf 88' lang='lat' dir='ltr'>suorum</span> <span class='ocrx_word' id='word_1_54' title='bbox 671 1558 748 1622; x_wconf 91' lang='lat' dir='ltr'>hinc</span> <span class='ocrx_word' id='word_1_55' title='bbox 770 1558 995 1623; x_wconf 87' lang='lat' dir='ltr'>conformatos.</span> <span class='ocrx_word' id='word_1_56' title='bbox 1042 1557 1106 1622; x_wconf 87' lang='lat' dir='ltr'>Sed</span> <span class='ocrx_word' id='word_1_57' title='bbox 1129 1558 1207 1641; x_wconf 87' lang='lat' dir='ltr'>quia</span> <span class='ocrx_word' id='word_1_58' title='bbox 1225 1559 1318 1643; x_wconf 77' lang='lat' dir='ltr'>juxta</span> 
     </span>
     <span class='ocr_line' id='line_1_10' title="bbox 315 1662 1318 1746; baseline 0 -20"><span class='ocrx_word' id='word_1_59' title='bbox 315 1662 545 1746; x_wconf 85' lang='lat' dir='ltr'>psalmodicam</span> <span class='ocrx_word' id='word_1_60' title='bbox 559 1682 679 1740; x_wconf 90' lang='lat' dir='ltr'>vocem,</span> <span class='ocrx_word' id='word_1_61' title='bbox 694 1663 775 1725; x_wconf 79' lang='lat' dir='ltr'>sieut</span> <span class='ocrx_word' id='word_1_62' title='bbox 789 1683 885 1744; x_wconf 73' lang='lat' dir='ltr'>equas</span> <span class='ocrx_word' id='word_1_63' title='bbox 904 1668 935 1725; x_wconf 88' lang='lat' dir='ltr'>et</span> <span class='ocrx_word' id='word_1_64' title='bbox 944 1663 1058 1740; x_wconf 64' lang='lat' dir='ltr'>,malua</span> <span class='ocrx_word' id='word_1_65' title='bbox 1073 1662 1183 1744; x_wconf 68' lang='lat' dir='ltr'>picibus</span> <span class='ocrx_word' id='word_1_66' title='bbox 1197 1682 1260 1726; x_wconf 80' lang='lat' dir='ltr'>noa</span> <span class='ocrx_word' id='word_1_67' title='bbox 1273 1669 1318 1726; x_wconf 77' lang='lat' dir='ltr'>est</span> 
     </span>
     <span class='ocr_line' id='line_1_11' title="bbox 315 1765 1316 1846; baseline -0.001 -16"><span class='ocrx_word' id='word_1_68' title='bbox 315 1769 494 1844; x_wconf 66' lang='lat' dir='ltr'>artellcctos,</span> <span class='ocrx_word' id='word_1_69' title='bbox 524 1767 558 1829; x_wconf 82' lang='lat' dir='ltr'>ia</span> <span class='ocrx_word' id='word_1_70' title='bbox 587 1786 673 1828; x_wconf 84' lang='lat' dir='ltr'>ccmo</span> <span class='ocrx_word' id='word_1_71' title='bbox 702 1771 733 1828; x_wconf 85' lang='lat' dir='ltr'>et</span> <span class='ocrx_word' id='word_1_72' title='bbox 753 1765 859 1846; x_wconf 76' lang='lat' dir='ltr'>freno</span> <span class='ocrx_word' id='word_1_73' title='bbox 885 1765 1051 1829; x_wconf 75' lang='lat' dir='ltr'>constricti</span> <span class='ocrx_word' id='word_1_74' title='bbox 1075 1771 1154 1828; x_wconf 89' lang='lat' dir='ltr'>sunt</span> <span class='ocrx_word' id='word_1_75' title='bbox 1177 1765 1316 1843; x_wconf 80' lang='lat' dir='ltr'>Satanae,</span> 
     </span>
     <span class='ocr_line' id='line_1_12' title="bbox 315 1867 1317 1952; baseline -0.003 -18"><span class='ocrx_word' id='word_1_76' title='bbox 315 1869 420 1952; x_wconf 85' lang='lat' dir='ltr'>legem</span> <span class='ocrx_word' id='word_1_77' title='bbox 440 1869 503 1933; x_wconf 92' lang='lat' dir='ltr'>Dei</span> <span class='ocrx_word' id='word_1_78' title='bbox 522 1869 766 1952; x_wconf 88' lang='lat' dir='ltr'>praevaricantes</span> <span class='ocrx_word' id='word_1_79' title='bbox 788 1868 964 1946; x_wconf 84' lang='lat' dir='ltr'>adulteriis,</span> <span class='ocrx_word' id='word_1_80' title='bbox 978 1868 1109 1951; x_wconf 86' lang='lat' dir='ltr'>rapinis,</span> <span class='ocrx_word' id='word_1_81' title='bbox 1123 1867 1231 1947; x_wconf 82' lang='lat' dir='ltr'>furtis,</span> <span class='ocrx_word' id='word_1_82' title='bbox 1246 1889 1317 1952; x_wconf 86' lang='lat' dir='ltr'>per-</span> 
     </span>
     <span class='ocr_line' id='line_1_13' title="bbox 312 1971 1317 2057; baseline -0.002 -21"><span class='ocrx_word' id='word_1_83' title='bbox 312 1973 417 2057; x_wconf 87' lang='lat' dir='ltr'>juriis,</span> <span class='ocrx_word' id='word_1_84' title='bbox 433 1972 612 2036; x_wconf 88' lang='lat' dir='ltr'>homicidiis</span> <span class='ocrx_word' id='word_1_85' title='bbox 626 1971 748 2049; x_wconf 80' lang='lat' dir='ltr'>foedati,</span> <span class='ocrx_word' id='word_1_86' title='bbox 764 1978 802 2035; x_wconf 94' lang='lat' dir='ltr'>ut</span> <span class='ocrx_word' id='word_1_87' title='bbox 815 1971 929 2035; x_wconf 85' lang='lat' dir='ltr'>ferales</span> <span class='ocrx_word' id='word_1_88' title='bbox 949 1992 1045 2036; x_wconf 88' lang='lat' dir='ltr'>canes</span> <span class='ocrx_word' id='word_1_89' title='bbox 1063 1971 1219 2054; x_wconf 78' lang='lat' dir='ltr'>pestilera</span> <span class='ocrx_word' id='word_1_90' title='bbox 1230 1971 1317 2035; x_wconf 88' lang='lat' dir='ltr'>rabie</span> 
     </span>
     <span class='ocr_line' id='line_1_14' title="bbox 316 2072 1316 2158; baseline -0.002 -17"><span class='ocrx_word' id='word_1_91' title='bbox 316 2076 452 2142; x_wconf 89' lang='lat' dir='ltr'>invicem</span> <span class='ocrx_word' id='word_1_92' title='bbox 467 2098 500 2140; x_wconf 91' lang='lat' dir='ltr'>se</span> <span class='ocrx_word' id='word_1_93' title='bbox 515 2076 708 2154; x_wconf 86' lang='lat' dir='ltr'>mordentes,</span> <span class='ocrx_word' id='word_1_94' title='bbox 725 2096 784 2138; x_wconf 90' lang='lat' dir='ltr'>sua</span> <span class='ocrx_word' id='word_1_95' title='bbox 797 2095 932 2158; x_wconf 87' lang='lat' dir='ltr'>quaeque</span> <span class='ocrx_word' id='word_1_96' title='bbox 947 2075 1130 2139; x_wconf 83' lang='lat' dir='ltr'>alternatim</span> <span class='ocrx_word' id='word_1_97' title='bbox 1142 2072 1217 2139; x_wconf 94' lang='lat' dir='ltr'>dolo</span> <span class='ocrx_word' id='word_1_98' title='bbox 1231 2076 1316 2139; x_wconf 85' lang='lat' dir='ltr'>frau-</span> 
     </span>
     <span class='ocr_line' id='line_1_15' title="bbox 317 2178 1316 2262; baseline -0.002 -18"><span class='ocrx_word' id='word_1_99' title='bbox 317 2179 441 2258; x_wconf 88' lang='lat' dir='ltr'>dantes,</span> <span class='ocrx_word' id='word_1_100' title='bbox 456 2186 571 2243; x_wconf 91' lang='lat' dir='ltr'>mutua</span> <span class='ocrx_word' id='word_1_101' title='bbox 585 2201 619 2242; x_wconf 91' lang='lat' dir='ltr'>se</span> <span class='ocrx_word' id='word_1_102' title='bbox 634 2179 720 2243; x_wconf 89' lang='lat' dir='ltr'>caede</span> <span class='ocrx_word' id='word_1_103' title='bbox 734 2185 986 2261; x_wconf 83' lang='lat' dir='ltr'>prosternentes.</span> <span class='ocrx_word' id='word_1_104' title='bbox 1018 2179 1163 2242; x_wconf 85' lang='lat' dir='ltr'>Cernens</span> <span class='ocrx_word' id='word_1_105' title='bbox 1178 2178 1316 2262; x_wconf 86' lang='lat' dir='ltr'>denique</span> 
     </span>
     <span class='ocr_line' id='line_1_16' title="bbox 317 2281 1317 2366; baseline -0.002 -18"><span class='ocrx_word' id='word_1_106' title='bbox 317 2283 529 2366; x_wconf 82' lang='lat' dir='ltr'>Evangelicus</span> <span class='ocrx_word' id='word_1_107' title='bbox 547 2283 596 2346; x_wconf 87' lang='lat' dir='ltr'>vir</span> <span class='ocrx_word' id='word_1_108' title='bbox 616 2283 655 2346; x_wconf 93' lang='lat' dir='ltr'>de</span> <span class='ocrx_word' id='word_1_109' title='bbox 674 2282 726 2346; x_wconf 91' lang='lat' dir='ltr'>die</span> <span class='ocrx_word' id='word_1_110' title='bbox 745 2281 780 2345; x_wconf 93' lang='lat' dir='ltr'>in</span> <span class='ocrx_word' id='word_1_111' title='bbox 800 2282 885 2346; x_wconf 91' lang='lat' dir='ltr'>diem</span> <span class='ocrx_word' id='word_1_112' title='bbox 905 2283 941 2345; x_wconf 94' lang='lat' dir='ltr'>in</span> <span class='ocrx_word' id='word_1_113' title='bbox 961 2281 1086 2346; x_wconf 85' lang='lat' dir='ltr'>actibus</span> <span class='ocrx_word' id='word_1_114' title='bbox 1105 2282 1174 2345; x_wconf 89' lang='lat' dir='ltr'>suis</span> <span class='ocrx_word' id='word_1_115' title='bbox 1193 2283 1317 2365; x_wconf 85' lang='lat' dir='ltr'>pejores</span> 
     </span>
     <span class='ocr_line' id='line_1_17' title="bbox 316 2384 1316 2470; baseline 0.002 -22"><span class='ocrx_word' id='word_1_116' title='bbox 316 2387 397 2464; x_wconf 88' lang='lat' dir='ltr'>fieri,</span> <span class='ocrx_word' id='word_1_117' title='bbox 418 2386 543 2470; x_wconf 86' lang='lat' dir='ltr'>vigiliis,</span> <span class='ocrx_word' id='word_1_118' title='bbox 566 2385 749 2470; x_wconf 83' lang='lat' dir='ltr'>lachrymis,</span> <span class='ocrx_word' id='word_1_119' title='bbox 769 2385 968 2450; x_wconf 88' lang='lat' dir='ltr'>orationibus</span> <span class='ocrx_word' id='word_1_120' title='bbox 990 2406 1048 2468; x_wconf 92' lang='lat' dir='ltr'>pro</span> <span class='ocrx_word' id='word_1_121' title='bbox 1070 2385 1116 2449; x_wconf 86' lang='lat' dir='ltr'>eis</span> <span class='ocrx_word' id='word_1_122' title='bbox 1136 2384 1316 2461; x_wconf 67' lang='lat' dir='ltr'>laborabat,</span> 
     </span>
     <span class='ocr_line' id='line_1_18' title="bbox 315 2488 1318 2573; baseline -0.001 -20"><span class='ocrx_word' id='word_1_123' title='bbox 315 2511 358 2553; x_wconf 92' lang='lat' dir='ltr'>ne</span> <span class='ocrx_word' id='word_1_124' title='bbox 371 2497 440 2554; x_wconf 85' lang='lat' dir='ltr'>tnm</span> <span class='ocrx_word' id='word_1_125' title='bbox 455 2489 650 2553; x_wconf 88' lang='lat' dir='ltr'>venerabiles</span> <span class='ocrx_word' id='word_1_126' title='bbox 664 2510 817 2573; x_wconf 87' lang='lat' dir='ltr'>personas</span> <span class='ocrx_word' id='word_1_127' title='bbox 831 2488 1022 2553; x_wconf 89' lang='lat' dir='ltr'>insatiabilis</span> <span class='ocrx_word' id='word_1_128' title='bbox 1039 2489 1194 2553; x_wconf 80' lang='lat' dir='ltr'>Tartarus</span> <span class='ocrx_word' id='word_1_129' title='bbox 1208 2490 1318 2554; x_wconf 86' lang='lat' dir='ltr'>voraci</span> 
     </span>
     <span class='ocr_line' id='line_1_19' title="bbox 316 2591 1318 2676; baseline 0 -20"><span class='ocrx_word' id='word_1_130' title='bbox 316 2593 408 2656; x_wconf 87' lang='lat' dir='ltr'>fauce</span> <span class='ocrx_word' id='word_1_131' title='bbox 424 2591 619 2670; x_wconf 89' lang='lat' dir='ltr'>absorberet,</span> <span class='ocrx_word' id='word_1_132' title='bbox 631 2599 664 2656; x_wconf 90' lang='lat' dir='ltr'>et</span> <span class='ocrx_word' id='word_1_133' title='bbox 678 2593 714 2656; x_wconf 93' lang='lat' dir='ltr'>iu</span> <span class='ocrx_word' id='word_1_134' title='bbox 728 2592 941 2676; x_wconf 90' lang='lat' dir='ltr'>perditionem</span> <span class='ocrx_word' id='word_1_135' title='bbox 956 2599 1065 2656; x_wconf 85' lang='lat' dir='ltr'>secum</span> <span class='ocrx_word' id='word_1_136' title='bbox 1079 2593 1235 2673; x_wconf 88' lang='lat' dir='ltr'>traheret,</span> <span class='ocrx_word' id='word_1_137' title='bbox 1249 2614 1318 2658; x_wconf 88' lang='lat' dir='ltr'>non·</span> 
     </span>
     <span class='ocr_line' id='line_1_20' title="bbox 317 2695 1314 2780; baseline 0.004 -21"><span class='ocrx_word' id='word_1_138' title='bbox 317 2695 460 2759; x_wconf 86' lang='lat' dir='ltr'>cessabat</span> <span class='ocrx_word' id='word_1_139' title='bbox 483 2695 625 2779; x_wconf 90' lang='lat' dir='ltr'>quotidie</span> <span class='ocrx_word' id='word_1_140' title='bbox 650 2696 844 2779; x_wconf 88' lang='lat' dir='ltr'>perlustrare</span> <span class='ocrx_word' id='word_1_141' title='bbox 866 2697 991 2780; x_wconf 87' lang='lat' dir='ltr'>oppida,</span> <span class='ocrx_word' id='word_1_142' title='bbox 1009 2696 1095 2762; x_wconf 88' lang='lat' dir='ltr'>vicos</span> <span class='ocrx_word' id='word_1_143' title='bbox 1117 2705 1151 2762; x_wconf 92' lang='lat' dir='ltr'>et</span> <span class='ocrx_word' id='word_1_144' title='bbox 1173 2698 1314 2774; x_wconf 83' lang='lat' dir='ltr'>castella,</span> 
     </span>
     <span class='ocr_line' id='line_1_21' title="bbox 316 2798 1318 2884; baseline 0.002 -22"><span class='ocrx_word' id='word_1_145' title='bbox 316 2798 467 2863; x_wconf 88' lang='lat' dir='ltr'>stillando</span> <span class='ocrx_word' id='word_1_146' title='bbox 481 2798 578 2862; x_wconf 90' lang='lat' dir='ltr'>verba</span> <span class='ocrx_word' id='word_1_147' title='bbox 590 2798 664 2862; x_wconf 89' lang='lat' dir='ltr'>vitae</span> <span class='ocrx_word' id='word_1_148' title='bbox 677 2799 714 2862; x_wconf 92' lang='lat' dir='ltr'>in</span> <span class='ocrx_word' id='word_1_149' title='bbox 728 2799 860 2863; x_wconf 75' lang='lat' dir='ltr'>aunbus</span> <span class='ocrx_word' id='word_1_150' title='bbox 875 2821 1000 2865; x_wconf 80' lang='lat' dir='ltr'>eornm·</span> <span class='ocrx_word' id='word_1_151' title='bbox 1028 2799 1073 2864; x_wconf 77' lang='lat' dir='ltr'>Et</span> <span class='ocrx_word' id='word_1_152' title='bbox 1088 2799 1199 2864; x_wconf 86' lang='lat' dir='ltr'>divina</span> <span class='ocrx_word' id='word_1_153' title='bbox 1212 2800 1318 2884; x_wconf 54' lang='lat' dir='ltr'>matio</span> 
     </span>
     <span class='ocr_line' id='line_1_22' title="bbox 315 2903 1318 2988; baseline 0.002 -22"><span class='ocrx_word' id='word_1_154' title='bbox 315 2909 541 2985; x_wconf 88' lang='lat' dir='ltr'>consequente,</span> <span class='ocrx_word' id='word_1_155' title='bbox 561 2903 788 2986; x_wconf 88' lang='lat' dir='ltr'>quamplurimi</span> <span class='ocrx_word' id='word_1_156' title='bbox 807 2905 876 2988; x_wconf 86' lang='lat' dir='ltr'>ejus</span> <span class='ocrx_word' id='word_1_157' title='bbox 897 2903 1077 2968; x_wconf 89' lang='lat' dir='ltr'>eruditione</span> <span class='ocrx_word' id='word_1_158' title='bbox 1096 2904 1230 2988; x_wconf 83' lang='lat' dir='ltr'>laqueos</span> <span class='ocrx_word' id='word_1_159' title='bbox 1249 2924 1318 2968; x_wconf 72' lang='lat' dir='ltr'>ma·</span> 
     </span>
     <span class='ocr_line' id='line_1_23' title="bbox 315 3007 1319 3092; baseline 0.003 -23"><span class='ocrx_word' id='word_1_160' title='bbox 315 3007 397 3090; x_wconf 82' lang='lat' dir='ltr'>ligni</span> <span class='ocrx_word' id='word_1_161' title='bbox 410 3007 586 3089; x_wconf 88' lang='lat' dir='ltr'>pervasoris</span> <span class='ocrx_word' id='word_1_162' title='bbox 601 3014 780 3085; x_wconf 85' lang='lat' dir='ltr'>evaserunt,</span> <span class='ocrx_word' id='word_1_163' title='bbox 796 3015 829 3070; x_wconf 90' lang='lat' dir='ltr'>et</span> <span class='ocrx_word' id='word_1_164' title='bbox 848 3007 948 3071; x_wconf 88' lang='lat' dir='ltr'>vitam</span> <span class='ocrx_word' id='word_1_165' title='bbox 967 3014 1122 3072; x_wconf 70' lang='lat' dir='ltr'>eternam</span> <span class='ocrx_word' id='word_1_166' title='bbox 1141 3008 1319 3092; x_wconf 52' lang='lat' dir='ltr'>aequisivess</span> 
     </span>
     <span class='ocr_line' id='line_1_24' title="bbox 316 3104 1319 3196; baseline 0 -22"><span class='ocrx_word' id='word_1_167' title='bbox 316 3117 405 3174; x_wconf 92' lang='lat' dir='ltr'>runt.</span> <span class='ocrx_word' id='word_1_168' title='bbox 427 3111 471 3174; x_wconf 76' lang='lat' dir='ltr'>ut</span> <span class='ocrx_word' id='word_1_169' title='bbox 485 3111 607 3174; x_wconf 80' lang='lat' dir='ltr'>factum</span> <span class='ocrx_word' id='word_1_170' title='bbox 623 3117 681 3188; x_wconf 93' lang='lat' dir='ltr'>est,</span> <span class='ocrx_word' id='word_1_171' title='bbox 697 3110 775 3173; x_wconf 90' lang='lat' dir='ltr'>dum</span> <span class='ocrx_word' id='word_1_172' title='bbox 790 3111 939 3175; x_wconf 86' lang='lat' dir='ltr'>circuiret</span> <span class='ocrx_word' id='word_1_173' title='bbox 953 3111 1023 3174; x_wconf 90' lang='lat' dir='ltr'>loca</span> <span class='ocrx_word' id='word_1_174' title='bbox 1036 3104 1163 3176; x_wconf 82' lang='lat' dir='ltr'>diversa</span> <span class='ocrx_word' id='word_1_175' title='bbox 1173 3111 1319 3196; x_wconf 68' lang='lat' dir='ltr'>regionis·</span> 
     </span>
     <span class='ocr_line' id='line_1_25' title="bbox 315 3213 1314 3299; baseline 0.002 -21"><span class='ocrx_word' id='word_1_176' title='bbox 315 3214 402 3278; x_wconf 90' lang='lat' dir='ltr'>illius</span> <span class='ocrx_word' id='word_1_177' title='bbox 417 3213 615 3297; x_wconf 84' lang='lat' dir='ltr'>corrigendo,</span> <span class='ocrx_word' id='word_1_178' title='bbox 632 3214 800 3294; x_wconf 89' lang='lat' dir='ltr'>hortando,</span> <span class='ocrx_word' id='word_1_179' title='bbox 816 3214 857 3278; x_wconf 89' lang='lat' dir='ltr'>ad</span> <span class='ocrx_word' id='word_1_180' title='bbox 876 3215 961 3278; x_wconf 85' lang='lat' dir='ltr'>viam</span> <span class='ocrx_word' id='word_1_181' title='bbox 979 3215 1055 3280; x_wconf 87' lang='lat' dir='ltr'>vitae</span> <span class='ocrx_word' id='word_1_182' title='bbox 1073 3214 1209 3299; x_wconf 85' lang='lat' dir='ltr'>populos</span> <span class='ocrx_word' id='word_1_183' title='bbox 1225 3236 1314 3280; x_wconf 87' lang='lat' dir='ltr'>revo-</span> 
     </span>
     <span class='ocr_line' id='line_1_26' title="bbox 316 3315 1312 3400; baseline 0.001 -19"><span class='ocrx_word' id='word_1_184' title='bbox 316 3317 428 3396; x_wconf 88' lang='lat' dir='ltr'>cando,</span> <span class='ocrx_word' id='word_1_185' title='bbox 444 3324 481 3381; x_wconf 92' lang='lat' dir='ltr'>ut</span> <span class='ocrx_word' id='word_1_186' title='bbox 495 3318 632 3381; x_wconf 90' lang='lat' dir='ltr'>intraret</span> <span class='ocrx_word' id='word_1_187' title='bbox 646 3317 793 3395; x_wconf 87' lang='lat' dir='ltr'>fundum,</span> <span class='ocrx_word' id='word_1_188' title='bbox 805 3317 862 3400; x_wconf 91' lang='lat' dir='ltr'>qui</span> <span class='ocrx_word' id='word_1_189' title='bbox 874 3316 975 3381; x_wconf 86' lang='lat' dir='ltr'>veteri</span> <span class='ocrx_word' id='word_1_190' title='bbox 985 3316 1139 3382; x_wconf 88' lang='lat' dir='ltr'>vocabulo</span> <span class='ocrx_word' id='word_1_191' title='bbox 1155 3315 1312 3383; x_wconf 85' lang='lat' dir='ltr'>Holtbem</span> 
     </span>
     <span class='ocr_line' id='line_1_27' title="bbox 315 3415 1316 3503; baseline 0.002 -21"><span class='ocrx_word' id='word_1_192' title='bbox 315 3419 443 3496; x_wconf 90' lang='lat' dir='ltr'>dicitur,</span> <span class='ocrx_word' id='word_1_193' title='bbox 457 3419 514 3484; x_wconf 92' lang='lat' dir='ltr'>ubi</span> <span class='ocrx_word' id='word_1_194' title='bbox 536 3420 673 3484; x_wconf 89' lang='lat' dir='ltr'>occurrit</span> <span class='ocrx_word' id='word_1_195' title='bbox 697 3421 726 3484; x_wconf 93' lang='lat' dir='ltr'>ei</span> <span class='ocrx_word' id='word_1_196' title='bbox 749 3420 848 3484; x_wconf 94' lang='lat' dir='ltr'>homo</span> <span class='ocrx_word' id='word_1_197' title='bbox 869 3421 1011 3503; x_wconf 74' lang='lat' dir='ltr'>agitabis</span> <span class='ocrx_word' id='word_1_198' title='bbox 1031 3443 1051 3484; x_wconf 90' lang='lat' dir='ltr'>a</span> <span class='ocrx_word' id='word_1_199' title='bbox 1072 3420 1229 3500; x_wconf 84' lang='lat' dir='ltr'>daemone,</span> <span class='ocrx_word' id='word_1_200' title='bbox 1251 3415 1316 3486; x_wconf 57' lang='lat' dir='ltr'>class</span> 
     </span>
     <span class='ocr_line' id='line_1_28' title="bbox 315 3521 1314 3608; baseline 0.004 -25"><span class='ocrx_word' id='word_1_201' title='bbox 315 3543 408 3584; x_wconf 89' lang='lat' dir='ltr'>mans</span> <span class='ocrx_word' id='word_1_202' title='bbox 423 3529 456 3584; x_wconf 91' lang='lat' dir='ltr'>et</span> <span class='ocrx_word' id='word_1_203' title='bbox 472 3521 597 3585; x_wconf 88' lang='lat' dir='ltr'>dicens:</span> <span class='ocrx_word' id='word_1_204' title='bbox 622 3523 651 3586; x_wconf 94' lang='grc' dir='ltr'>Ο</span> <span class='ocrx_word' id='word_1_205' title='bbox 666 3544 754 3586; x_wconf 86' lang='lat' dir='ltr'>serve</span> <span class='ocrx_word' id='word_1_206' title='bbox 768 3523 831 3587; x_wconf 90' lang='lat' dir='ltr'>Dei</span> <span class='ocrx_word' id='word_1_207' title='bbox 846 3523 968 3602; x_wconf 88' lang='lat' dir='ltr'>Livine,</span> <span class='ocrx_word' id='word_1_208' title='bbox 985 3522 1061 3608; x_wconf 91' lang='lat' dir='ltr'>quid</span> <span class='ocrx_word' id='word_1_209' title='bbox 1075 3523 1171 3588; x_wconf 91' lang='lat' dir='ltr'>nobis</span> <span class='ocrx_word' id='word_1_210' title='bbox 1186 3531 1219 3589; x_wconf 88' lang='lat' dir='ltr'>et</span> <span class='ocrx_word' id='word_1_211' title='bbox 1233 3524 1314 3589; x_wconf 85' lang='lat' dir='ltr'>tibi?</span> 
     </span>
     <span class='ocr_line' id='line_1_29' title="bbox 314 3622 1320 3706; baseline 0.005 -18"><span class='ocrx_word' id='word_1_212' title='bbox 314 3624 400 3688; x_wconf 87' lang='lat' dir='ltr'>Ecce</span> <span class='ocrx_word' id='word_1_213' title='bbox 421 3622 508 3686; x_wconf 91' lang='lat' dir='ltr'>enirn</span> <span class='ocrx_word' id='word_1_214' title='bbox 527 3645 663 3706; x_wconf 84' lang='lat' dir='ltr'>regnum</span> <span class='ocrx_word' id='word_1_215' title='bbox 683 3647 792 3691; x_wconf 88' lang='lat' dir='ltr'>meum</span> <span class='ocrx_word' id='word_1_216' title='bbox 811 3627 965 3705; x_wconf 86' lang='lat' dir='ltr'>invasisti,</span> <span class='ocrx_word' id='word_1_217' title='bbox 981 3633 1014 3691; x_wconf 89' lang='lat' dir='ltr'>et</span> <span class='ocrx_word' id='word_1_218' title='bbox 1033 3627 1151 3690; x_wconf 84' lang='lat' dir='ltr'>militia</span> <span class='ocrx_word' id='word_1_219' title='bbox 1168 3646 1243 3693; x_wconf 88' lang='lat' dir='ltr'>mea</span> <span class='ocrx_word' id='word_1_220' title='bbox 1261 3648 1320 3692; x_wconf 79' lang='lat' dir='ltr'>me</span> 
     </span>
     <span class='ocr_line' id='line_1_30' title="bbox 314 3725 1313 3815; baseline 0.007 -27"><span class='ocrx_word' id='word_1_221' title='bbox 314 3725 455 3809; x_wconf 87' lang='lat' dir='ltr'>privasti,</span> <span class='ocrx_word' id='word_1_222' title='bbox 471 3725 548 3808; x_wconf 90' lang='lat' dir='ltr'>quid</span> <span class='ocrx_word' id='word_1_223' title='bbox 561 3727 648 3790; x_wconf 87' lang='lat' dir='ltr'>ultra</span> <span class='ocrx_word' id='word_1_224' title='bbox 662 3750 714 3791; x_wconf 88' lang='lat' dir='ltr'>me</span> <span class='ocrx_word' id='word_1_225' title='bbox 728 3729 949 3812; x_wconf 75' lang='lat' dir='ltr'>persequeris?</span> <span class='ocrx_word' id='word_1_226' title='bbox 987 3729 1077 3793; x_wconf 87' lang='lat' dir='ltr'>Scias</span> <span class='ocrx_word' id='word_1_227' title='bbox 1090 3730 1223 3810; x_wconf 90' lang='lat' dir='ltr'>etenim,</span> <span class='ocrx_word' id='word_1_228' title='bbox 1238 3730 1313 3815; x_wconf 84' lang='lat' dir='ltr'>quis</span> 
     </span>
     <span class='ocr_line' id='line_1_31' title="bbox 315 3827 1321 3918; baseline 0.007 -28"><span class='ocrx_word' id='word_1_229' title='bbox 315 3827 408 3891; x_wconf 91' lang='lat' dir='ltr'>sime</span> <span class='ocrx_word' id='word_1_230' title='bbox 423 3828 500 3894; x_wconf 92' lang='lat' dir='ltr'>hinc</span> <span class='ocrx_word' id='word_1_231' title='bbox 515 3829 682 3912; x_wconf 84' lang='lat' dir='ltr'>expuleris,</span> <span class='ocrx_word' id='word_1_232' title='bbox 698 3831 813 3896; x_wconf 84' lang='lat' dir='ltr'>faciam</span> <span class='ocrx_word' id='word_1_233' title='bbox 831 3838 865 3895; x_wconf 94' lang='lat' dir='ltr'>te</span> <span class='ocrx_word' id='word_1_234' title='bbox 878 3831 914 3894; x_wconf 90' lang='lat' dir='ltr'>in</span> <span class='ocrx_word' id='word_1_235' title='bbox 933 3831 996 3896; x_wconf 90' lang='lat' dir='ltr'>isto</span> <span class='ocrx_word' id='word_1_236' title='bbox 1016 3832 1086 3897; x_wconf 90' lang='lat' dir='ltr'>loco</span> <span class='ocrx_word' id='word_1_237' title='bbox 1100 3833 1215 3897; x_wconf 87' lang='lat' dir='ltr'>multis</span> <span class='ocrx_word' id='word_1_238' title='bbox 1228 3832 1321 3918; x_wconf 58' lang='lat' dir='ltr'>injur</span> 
     </span>
    </p>
   </div>
   <div class='ocr_carea' id='block_1_3' title="bbox 314 3920 1321 4642">
    <p class='ocr_par' dir='ltr' id='par_1_3' title="bbox 314 3920 1321 4642">
     <span class='ocr_line' id='line_1_32' title="bbox 315 3920 1315 4020; baseline 0.007 -25"><span class='ocrx_word' id='word_1_239' title='bbox 315 3931 370 3996; x_wconf 75' lang='lat' dir='ltr'>ns</span> <span class='ocrx_word' id='word_1_240' title='bbox 391 3932 482 3996; x_wconf 70' lang='lat' dir='ltr'>affin.</span> <span class='ocrx_word' id='word_1_241' title='bbox 526 3932 680 3998; x_wconf 70' lang='lat' dir='ltr'>master</span> <span class='ocrx_word' id='word_1_242' title='bbox 701 3942 810 4000; x_wconf 72' lang='lat' dir='ltr'>autem</span> <span class='ocrx_word' id='word_1_243' title='bbox 832 3935 975 3999; x_wconf 64' lang='lat' dir='ltr'>venetas</span> <span class='ocrx_word' id='word_1_244' title='bbox 996 3934 1031 3999; x_wconf 81' lang='lat' dir='ltr'>sn</span> <span class='ocrx_word' id='word_1_245' title='bbox 1055 3920 1315 4020; x_wconf 67' lang='lat' dir='ltr'>speramus</span> 
     </span>
     <span class='ocr_line' id='line_1_33' title="bbox 314 4036 1314 4122; baseline 0.008 -23"><span class='ocrx_word' id='word_1_246' title='bbox 314 4036 426 4115; x_wconf 84' lang='lat' dir='ltr'>fretus,</span> <span class='ocrx_word' id='word_1_247' title='bbox 441 4037 605 4120; x_wconf 90' lang='lat' dir='ltr'>protendit</span> <span class='ocrx_word' id='word_1_248' title='bbox 619 4059 753 4100; x_wconf 86' lang='lat' dir='ltr'>manum</span> <span class='ocrx_word' id='word_1_249' title='bbox 768 4060 870 4118; x_wconf 88' lang='lat' dir='ltr'>suam,</span> <span class='ocrx_word' id='word_1_250' title='bbox 882 4045 915 4102; x_wconf 90' lang='lat' dir='ltr'>et</span> <span class='ocrx_word' id='word_1_251' title='bbox 931 4038 1059 4122; x_wconf 84' lang='lat' dir='ltr'>signum</span> <span class='ocrx_word' id='word_1_252' title='bbox 1070 4047 1191 4106; x_wconf 81' lang='lat' dir='ltr'>sanctae</span> <span class='ocrx_word' id='word_1_253' title='bbox 1202 4039 1314 4106; x_wconf 84' lang='lat' dir='ltr'>Crucis</span> 
     </span>
     <span class='ocr_line' id='line_1_34' title="bbox 314 4140 1313 4229; baseline 0.005 -25"><span class='ocrx_word' id='word_1_254' title='bbox 314 4140 345 4204; x_wconf 91' lang='lat' dir='ltr'>ei</span> <span class='ocrx_word' id='word_1_255' title='bbox 366 4161 531 4224; x_wconf 89' lang='lat' dir='ltr'>opponens</span> <span class='ocrx_word' id='word_1_256' title='bbox 553 4140 615 4204; x_wconf 90' lang='lat' dir='ltr'>ait:</span> <span class='ocrx_word' id='word_1_257' title='bbox 643 4140 838 4205; x_wconf 90' lang='lat' dir='ltr'>Obmutescc</span> <span class='ocrx_word' id='word_1_258' title='bbox 860 4142 1006 4206; x_wconf 90' lang='lat' dir='ltr'>omnium</span> <span class='ocrx_word' id='word_1_259' title='bbox 1027 4141 1187 4208; x_wconf 86' lang='lat' dir='ltr'>bonorum</span> <span class='ocrx_word' id='word_1_260' title='bbox 1208 4164 1313 4229; x_wconf 86' lang='lat' dir='ltr'>perse·</span> 
     </span>
     <span class='ocr_line' id='line_1_35' title="bbox 314 4243 1321 4328; baseline 0.007 -21"><span class='ocrx_word' id='word_1_261' title='bbox 314 4250 416 4322; x_wconf 89' lang='lat' dir='ltr'>cutor,</span> <span class='ocrx_word' id='word_1_262' title='bbox 432 4250 466 4308; x_wconf 89' lang='lat' dir='ltr'>et</span> <span class='ocrx_word' id='word_1_263' title='bbox 481 4244 593 4308; x_wconf 88' lang='lat' dir='ltr'>recede</span> <span class='ocrx_word' id='word_1_264' title='bbox 611 4244 651 4309; x_wconf 90' lang='lat' dir='ltr'>ab</span> <span class='ocrx_word' id='word_1_265' title='bbox 672 4243 733 4308; x_wconf 87' lang='lat' dir='ltr'>hac</span> <span class='ocrx_word' id='word_1_266' title='bbox 755 4251 901 4309; x_wconf 87' lang='lat' dir='ltr'>creatura</span> <span class='ocrx_word' id='word_1_267' title='bbox 921 4245 992 4324; x_wconf 88' lang='lat' dir='ltr'>Dei,</span> <span class='ocrx_word' id='word_1_268' title='bbox 1009 4252 1046 4310; x_wconf 83' lang='lat' dir='ltr'>et</span> <span class='ocrx_word' id='word_1_269' title='bbox 1062 4247 1179 4312; x_wconf 82' lang='lat' dir='ltr'>amodo</span> <span class='ocrx_word' id='word_1_270' title='bbox 1196 4249 1237 4328; x_wconf 87' lang='lat' dir='ltr'>ei,</span> <span class='ocrx_word' id='word_1_271' title='bbox 1251 4267 1321 4313; x_wconf 86' lang='lat' dir='ltr'>nec¹</span> 
     </span>
     <span class='ocr_line' id='line_1_36' title="bbox 314 4347 1311 4430; baseline 0.007 -20"><span class='ocrx_word' id='word_1_272' title='bbox 314 4347 373 4409; x_wconf 91' lang='lat' dir='ltr'>ulli</span> <span class='ocrx_word' id='word_1_273' title='bbox 387 4368 501 4411; x_wconf 87' lang='lat' dir='ltr'>noceas</span> <span class='ocrx_word' id='word_1_274' title='bbox 520 4348 653 4412; x_wconf 90' lang='lat' dir='ltr'>homini.</span> <span class='ocrx_word' id='word_1_275' title='bbox 697 4348 772 4412; x_wconf 90' lang='lat' dir='ltr'>Nec</span> <span class='ocrx_word' id='word_1_276' title='bbox 788 4370 881 4414; x_wconf 86' lang='lat' dir='ltr'>mora</span> <span class='ocrx_word' id='word_1_277' title='bbox 898 4349 1061 4430; x_wconf 84' lang='lat' dir='ltr'>abscessit,</span> <span class='ocrx_word' id='word_1_278' title='bbox 1075 4357 1111 4415; x_wconf 86' lang='lat' dir='ltr'>et</span> <span class='ocrx_word' id='word_1_279' title='bbox 1128 4351 1311 4417; x_wconf 84' lang='lat' dir='ltr'>videntibus</span> 
     </span>
     <span class='ocr_line' id='line_1_37' title="bbox 315 4450 1312 4540; baseline 0.006 -28"><span class='ocrx_word' id='word_1_280' title='bbox 315 4450 440 4513; x_wconf 90' lang='lat' dir='ltr'>cunctis</span> <span class='ocrx_word' id='word_1_281' title='bbox 460 4451 550 4532; x_wconf 91' lang='lat' dir='ltr'>quasi</span> <span class='ocrx_word' id='word_1_282' title='bbox 568 4452 675 4515; x_wconf 87' lang='lat' dir='ltr'>fumus</span> <span class='ocrx_word' id='word_1_283' title='bbox 694 4452 861 4517; x_wconf 91' lang='lat' dir='ltr'>teterrimo</span> <span class='ocrx_word' id='word_1_284' title='bbox 884 4453 1076 4518; x_wconf 83' lang='lat' dir='ltr'>commixtus</span> <span class='ocrx_word' id='word_1_285' title='bbox 1096 4455 1257 4540; x_wconf 79' lang='lat' dir='ltr'>sanguine</span> <span class='ocrx_word' id='word_1_286' title='bbox 1273 4476 1312 4520; x_wconf 84' lang='lat' dir='ltr'>ex</span> 
     </span>
     <span class='ocr_line' id='line_1_38' title="bbox 316 4552 1318 4642; baseline 0.01 -28"><span class='ocrx_word' id='word_1_287' title='bbox 316 4572 446 4635; x_wconf 86' lang='lat' dir='ltr'>corpore</span> <span class='ocrx_word' id='word_1_288' title='bbox 459 4552 600 4618; x_wconf 92' lang='lat' dir='ltr'>hominis</span> <span class='ocrx_word' id='word_1_289' title='bbox 619 4576 764 4638; x_wconf 71' lang='lat' dir='ltr'>egressam</span> <span class='ocrx_word' id='word_1_290' title='bbox 784 4562 844 4620; x_wconf 89' lang='lat' dir='ltr'>est.</span> <span class='ocrx_word' id='word_1_291' title='bbox 890 4557 988 4622; x_wconf 91' lang='lat' dir='ltr'>Unde</span> <span class='ocrx_word' id='word_1_292' title='bbox 1002 4557 1145 4622; x_wconf 73' lang='lat' dir='ltr'>multum</span> <span class='ocrx_word' id='word_1_293' title='bbox 1157 4558 1318 4642; x_wconf 81' lang='lat' dir='ltr'>fatigatus-</span> 
     </span>
    </p>
   </div>
   <div class='ocr_carea' id='block_1_4' title="bbox 0 0 1634 5467">
    <p class='ocr_par' dir='ltr' id='par_1_4' title="bbox 0 0 1634 5467">
     <span class='ocr_line' id='line_1_39' title="bbox 0 0 1634 5467; baseline 0 1"><span class='ocrx_word' id='word_1_294' title='bbox 0 0 1634 5467; x_wconf 95' lang='lat' dir='ltr'> </span> 
     </span>
    </p>
   </div>
  </div>
 </body>
</html>
