3259 5467
697 719 735 762 m
752 718 926 764 coucrms.
1250 701 1313 765 251

310 861 484 926 reaumaus
502 861 660 942 adpellari
679 866 829 923 secretum
851 860 939 938 illud,
961 859 1043 941 quod
1059 861 1126 922 sola
1145 861 1317 925 reuerentia

310 966 426 1028 adeat.
471 964 606 1034 Nrmr’da
621 964 710 1045 quasi
723 964 943 1044 Nympharum
956 981 1058 1026 sacra
1104 963 1200 1026 Ritus
1219 985 1317 1046 paga·

311 1068 388 1147 nici,
408 1089 488 1151 quos
510 1067 596 1130 silvis
618 1073 652 1130 et
673 1065 843 1130 arboribus
863 1066 900 1128 in
921 1065 987 1129 suis
1008 1065 1090 1130 lucis
1111 1067 1317 1146 exhibebant,

313 1179 408 1235 erant
425 1171 558 1234 nefandi
578 1177 611 1234 et
630 1169 798 1247 immanes,
820 1191 895 1233 cum
916 1169 1011 1233 subin
1031 1191 1106 1234 cum
1126 1170 1319 1236 animalibus

312 1275 461 1338 homines
482 1273 602 1337 ibidem
622 1273 854 1337 immolassent.
910 1273 1036 1337 Scimus
1059 1295 1079 1337 a
1101 1274 1134 1337 S.
1151 1274 1319 1340 Bonifacio

314 1378 335 1439 J
336 1378 404 1441 ovis
418 1376 565 1440 arborem
579 1377 616 1440 in
631 1375 750 1440 Hassia
769 1377 908 1440 excisam
924 1384 984 1440 etc.
1031 1376 1161 1441 Confer.
1177 1379 1319 1464 Inscrip-

313 1479 419 1545 tiones
434 1479 592 1563 lapidares
607 1480 647 1543 de
662 1479 825 1564 Nymphis
845 1479 965 1563 triput:
988 1480 1029 1543 de
1046 1481 1198 1564 Augusta
1211 1483 1321 1547 Diana

313 1589 374 1646 eto.
406 1583 492 1667 apud
523 1581 749 1646 Hanselmann
777 1583 907 1660 Berroia,
937 1584 995 1646 rrie
1022 1585 1095 1647 weit
1120 1585 1177 1647 der
1204 1586 1320 1650 Rama

313 1688 428 1749 Maclrt
442 1693 499 1750 etc.
544 1688 580 1751 T.
605 1685 632 1749 I.
653 1708 685 1769 p.
709 1689 761 1751 73.
782 1691 817 1750 et
836 1689 910 1750 225.
955 1687 993 1749 Τ.
1009 1687 1057 1750 ΙΙ.
1072 1709 1104 1770 p.
1122 1691 1174 1766 77,
1189 1695 1223 1751 et
1242 1691 1317 1752 244.

314 1790 449 1853 Carolus
464 1791 514 1853 M.
530 1790 635 1873 Capit.
651 1792 712 1854 2οε
736 1790 773 1852 si
788 1790 858 1872 quis
877 1791 922 1852 ad
930 1789 1037 1871 fortes
1057 1796 1113 1853 aut
1132 1791 1258 1854 arbores
1271 1792 1321 1855 uel

314 1895 400 1956 heros
415 1900 519 1957 uotum
531 1893 657 1975 facua,
674 1899 731 1956 aut
753 1894 874 1975 aliquid
894 1913 977 1957 marr
995 1894 1156 1974 peutilirrm
1175 1893 1320 1956 obtulerit

314 2003 346 2059 et
360 1998 405 2059 ad
416 1998 561 2060 ararem
581 1997 748 2060 damarum
768 1996 943 2075 comederit,
959 1997 988 2059 si
1006 1996 1117 2059 rabilis
1128 1995 1232 2078 suerit
1245 1996 1318 2058 soli-

315 2100 371 2163 dos
384 2100 455 2177 LX,
466 2102 495 2163 sr’
509 2101 658 2182 iaperuus
671 2100 778 2178 XXX,
789 2101 818 2162 si
833 2101 908 2162 liius-
917 2100 991 2179 XV,
1003 2101 1032 2162 si
1045 2091 1116 2163 uero
1132 2120 1193 2162 uorr
1206 2099 1318 2162 Ιιεὺειε-

313 2205 390 2283 rirt,
404 2205 486 2268 uude
498 2206 740 2287 presentialiter
751 2205 942 2285 persolvant,
958 2204 1003 2266 aot
1015 2203 1148 2266 ecclesie
1161 2203 1319 2266 seruitium

315 2308 476 2386 domur,
491 2329 591 2391 usque-
601 2309 670 2371 dura
686 2309 748 2389 ipsi
761 2308 856 2372 solidi
869 2309 1038 2370 solvuntur.
1313 2342 1317 2349 ·

359 2411 440 2475 VII.
463 2412 513 2474 De
534 2413 592 2490 Iris,
615 2432 682 2494 qua
698 2410 826 2492 faciuut
847 2431 940 2492 super
958 2409 1094 2493 petras]
1136 2409 1190 2473 Ad
1213 2415 1319 2493 petras

316 2521 392 2577 vota
428 2514 571 2593 reddere,
611 2514 847 2598 superstitionis
885 2514 1049 2598 paganicae
1087 2513 1207 2598 species
1238 2520 1319 2579 erat.

318 2618 352 2680 S.
367 2617 494 2700 Eligius
516 2617 603 2700 apud
626 2619 659 2680 S.
675 2617 865 2681 Audoenum
881 2617 921 2680 in
934 2619 1003 2702 ejus
1022 2617 1090 2682 vita
1102 2618 1158 2682 lib.
1174 2621 1206 2683 2.
1222 2640 1249 2683 c.
1266 2622 1319 2684 15.

315 2721 431 2783 Nullus
448 2721 644 2784 Christianus
658 2719 790 2801 adfaua
804 2721 854 2784 vel
866 2720 911 2783 ad
916 2727 1029 2802 petras
1042 2722 1092 2785 uel
1104 2721 1260 2803 adfantes
1272 2723 1322 2786 uel

316 2825 360 2886 aa
373 2824 500 2887 arbores
516 2873 523 2888 .
541 2873 548 2888 .
564 2830 637 2888 vota
656 2825 785 2887 reddere
797 2831 980 2906 prasumat.
1026 2824 1209 2888 Concilium
1227 2825 1320 2888 Nan-

316 2933 450 2990 netense
465 2948 492 2990 c.
508 2929 562 2991 20.
576 2928 714 3008 Lapides
736 2947 865 3012 quoque,
887 2946 962 3009 quoa
982 2927 1018 2988 iu
1037 2927 1173 2990 ruinosis
1193 2928 1269 2990 laris
1290 2933 1321 2991 rt

314 3030 515 3109 siluestribus,
531 3031 699 3094 danorum
719 3028 980 3111 ludrfloatr’ouibus
994 3028 1114 3109 decepti
1125 3035 1319 3108 emereatur,

314 3134 369 3197 ubi
390 3140 422 3198 et
441 3140 514 3197 rota
535 3140 644 3198 uorat
665 3139 696 3196 et
717 3132 868 3214 deferunt,
882 3130 1032 3214 sruudr’tus
1053 3130 1243 3212 effodiamur
1263 3137 1318 3195 etr.

317 3237 400 3301 adde
422 3237 605 3301 Concilium
626 3238 817 3301 Arelatense
838 3237 886 3300 II.
907 3257 933 3300 c.
950 3237 1003 3299 23.
1020 3235 1206 3300 Turonense
1226 3236 1275 3302 II.
1289 3256 1320 3301 c.

314 3343 370 3404 22.
385 3341 648 3424 Aquisgranense
664 3362 716 3404 an.
732 3338 1010 3415 DCCLXXXIX.
1026 3359 1054 3403 c.
1070 3339 1123 3402 63.

359 3445 460 3507 VIII.
482 3446 533 3508 Dc
546 3445 646 3507 sauia
661 3445 817 3506 Mercurii
835 3443 885 3506 uel
896 3442 1009 3526 Jovia]
1036 3441 1166 3506 Tacitus
1186 3441 1222 3505 in
1238 3440 1321 3507 libro

317 3547 358 3610 dc
381 3547 573 3610 Germania:
604 3547 741 3609 Deorum
762 3547 896 3609 maame
917 3546 1112 3610 Mercurium
1133 3547 1246 3626 colunt,
1270 3547 1322 3611 rat

316 3651 411 3712 certis
425 3649 531 3713 dr‘ebus
544 3651 686 3712 tamaris
700 3669 816 3734 quoque
834 3650 945 3713 hostiis
959 3650 1052 3714 litare
1063 3649 1122 3732 fas
1135 3650 1268 3714 lrabeat:
1291 3657 1322 3716 ct

317 3773 393 3815 caso
402 3752 527 3833 publice
541 3753 662 3816 domiue
676 3752 831 3816 celebraret
846 3751 974 3816 barbari
987 3755 1070 3818 ritus
1083 3754 1239 3818 horreario
1249 3755 1321 3837 pri-

316 3857 448 3921 mardic.
494 3855 578 3921 Quae
598 3857 639 3920 de
661 3855 890 3940 superstitione
909 3856 1098 3921 Mercuriali
1116 3856 1243 3921 erudite
1257 3857 1321 3921 dis-

317 3960 418 4024 senuit
438 3961 479 4025 cl.
496 3960 658 4044 Lameyus
679 3959 743 4023 rid.
763 3960 799 4022 in
820 3959 913 4024 Actis
934 3957 1119 4024 Academia
1139 3959 1322 4040 Theodoro·

317 4063 475 4128 Palatina
489 4064 526 4127 T.
543 4064 571 4126 I.
587 4086 619 4147 p.
635 4066 710 4127 205.
727 4084 774 4146 sq.
791 4084 862 4126 aras
878 4062 950 4126 Jovi
965 4061 1098 4146 Optimo
1116 4061 1258 4126 maximo
1273 4061 1321 4127 di·

317 4174 405 4230 catas
419 4167 559 4250 reperire
574 4174 623 4231 est
637 4167 674 4230 in
690 4166 866 4230 Germania
880 4162 1140 4249 quamplurimas.

361 4271 423 4333 IX.
450 4271 504 4334 De
529 4269 693 4352 sacrificio,
720 4269 803 4352 quad
819 4268 863 4350 fit
889 4269 985 4332 aricia
1010 4267 1211 4351 sardorum]
1254 4267 1323 4332 Sub

318 4373 555 4438 Carolomanno
574 4362 761 4438 ordinatum
782 4372 864 4436 fuir:
901 4372 1078 4454 Episcopus
1095 4373 1129 4434 r'rr
1148 4390 1207 4433 sua
1225 4391 1323 4452 paro-

318 4477 389 4540 chio
410 4477 648 4541 sollicitudiuem
662 4477 784 4555 babeat,
802 4482 838 4539 ut
853 4476 989 4558 papatus
1008 4474 1069 4537 Dei
1083 4474 1243 4556 paparias
1262 4494 1324 4538 aar

311 4577 417 4658 faciat
439 4581 486 4642 vel
507 4581 625 4643 hostias
647 4580 870 4658 immolatitias,
893 4598 971 4660 quas
993 4577 1081 4641 stulti
1103 4577 1238 4640 homiues
1259 4577 1325 4640 ritu

793 4701 814 4743 a
831 4684 852 4744 2
