3259 5467
616 700 769 741 arcione
787 676 1013 741 wrnnraaubo.
1252 681 1313 741 153

310 847 491 913 temeritati
515 845 745 909 ascriberetur:
779 843 907 927 siquid
938 844 1006 907 sine
1036 844 1120 907 tanti
1149 843 1315 908 Pontificis

311 958 447 1034 agerent
467 949 608 1014 consilio.
654 948 800 1031 Cumque
823 947 926 1011 omnis
949 954 1078 1011 senatus
1101 952 1134 1012 et
1149 947 1315 1011 universus

310 1055 500 1118 clericorum
521 1054 598 1117 ordo
617 1058 685 1116 tam
704 1050 884 1134 providenti
904 1059 1034 1134 peracta
1052 1050 1221 1115 collatione
1239 1071 1314 1114 oon-

311 1159 481 1235 sentirent,
487 1155 655 1221 confestim
665 1156 733 1217 Rex
746 1162 879 1218 cunctos
885 1155 1003 1218 Christi
1012 1154 1148 1218 famulos
1158 1154 1315 1217 allocutus

312 1268 379 1326 est:
407 1269 440 1324 et
459 1260 511 1324 cui
528 1260 627 1343 hujus
645 1258 785 1342 praefatae
803 1257 972 1340 legationis
995 1257 1148 1321 nuntium
1170 1257 1314 1340 impone-

311 1371 394 1441 rent,
411 1365 589 1428 sciscitatus
604 1368 664 1427 est.
708 1361 800 1424 'l'unc
820 1368 951 1444 repente
972 1382 1116 1424 summus
1135 1360 1171 1423 in
1187 1360 1315 1423 Christo

313 1467 579 1531 Archimandrita
593 1465 649 1548 qui
662 1464 814 1548 praedicto
825 1470 960 1547 praeerat
975 1463 1167 1528 monasterio
1183 1462 1314 1527 nomine

312 1571 464 1634 Winbert
477 1576 509 1633 et
520 1570 651 1633 Wintra
665 1567 720 1652 qui
734 1567 938 1646 monasterio,
951 1567 1037 1651 quod
1052 1567 1170 1631 dicitur
1184 1567 1314 1630 'iissels-

312 1675 398 1757 burg
426 1672 615 1757 praesidebat
646 1679 678 1735 et
708 1670 885 1749 Beorwald‚
910 1670 966 1753 qui
995 1670 1103 1734 divina
1131 1670 1314 1735 coenobium

313 1777 557 1860 gubernatione,
581 1774 666 1859 qnod
690 1775 897 1858 antiquorum
926 1781 1133 1858 nuncupatur
1160 1773 1314 1837 vocabulo

314 1880 567 1962 Glestingaburg
590 1877 739 1961 regebat:
770 1898 831 1942 nec
860 1899 926 1941 non
956 1885 989 1941 et
1019 1878 1073 1941 alii
1096 1877 1192 1940 multi
1217 1876 1313 1960 hujus

314 1985 418 2047 sancti
440 1982 594 2067 propositi
619 1982 741 2060 Patres,
764 1988 912 2045 sanctum
935 1980 1023 2044 hunc
1046 1980 1150 2044 virum
1175 1981 1313 2044 accitum

314 2087 519 2151 adduxenmt
537 2086 577 2149 ad
593 2087 726 2168 Regem.
771 2085 834 2148 Cui
853 2093 886 2149 et
908 2085 1062 2148 nuntium
1083 2086 1153 2147 Rex
1175 2090 1208 2147 et
1227 2083 1312 2166 lega-

313 2189 413 2254 tionis
441 2189 590 2254 notitiam
620 2188 792 2272 imposuit:
831 2195 863 2252 et
897 2186 1049 2252 adhibitis
1083 2209 1192 2251 secum
1221 2188 1313 2250 sociis

314 2292 432 2357 direxit
446 2314 520 2356 cum
535 2314 623 2376 pace.
659 2291 726 2357 Qui
741 2291 838 2355 etiam
853 2292 971 2354 nuntio
985 2291 1046 2355 sibi
1060 2291 1209 2375 imposito
1221 2291 1315 2375 juxta

314 2396 505 2460 mandatum
520 2396 692 2474 seniorum,
708 2415 859 2479 prospero
873 2395 990 2462 itinere
1002 2397 1147 2479 pervenit
1162 2395 1202 2459 ad
1215 2395 1313 2472 Gent,

315 2506 349 2563 et
378 2500 624 2583 Archiepiscopo
654 2498 771 2562 summi
804 2499 1010 2582 pontificatus
1038 2500 1142 2562 infula
1170 2498 1312 2583 praedito,

315 2604 476 2687 sapienter
495 2609 622 2681 cuncta,
642 2602 914 2689 quemadmodum
932 2603 1062 2667 edoctus
1084 2610 1153 2667 erat
1176 2625 1195 2666 a
1215 2604 1314 2686 Rege,

314 2730 373 2792 per
387 2707 531 2771 ordinem
547 2707 706 2785 revelavit,
716 2713 749 2770 et
765 2706 809 2769 sic
825 2713 1002 2789 spontaneo
1014 2715 1142 2791 accepto
1152 2728 1314 2791 responso,

314 2816 388 2895 post
402 2832 469 2874 non
483 2811 601 2874 multos
616 2809 683 2872 dies
694 2830 838 2872 reversus
850 2816 898 2873 est
910 2810 951 2872 ad
961 2811 1108 2894 patriam,
1118 2811 1314 2894 praefatoque

315 2914 400 2997 Regi
414 2936 451 2977 ac
465 2912 625 2997 praedictis
640 2911 736 2975 servis
749 2912 810 2976 Dei
826 2933 934 2976 secum
951 2914 1172 2978 assistentibus
1187 2936 1207 2978 a
1220 2936 1314 2978 vene·

314 3017 409 3080 rabili
419 3016 665 3100 Archiepiscopo
680 3023 891 3099 spontaneum
904 3016 1041 3080 scienter
1055 3015 1172 3080 detulit
1185 3038 1315 3100 respon-

314 3142 406 3185 sum:
438 3127 471 3184 et
494 3141 649 3202 magnum
674 3119 830 3182 universis
856 3119 994 3182 contulit
1018 3118 1180 3201 gaudium,
1207 3140 1244 3183 ac
1269 3119 1315 3183 sic

315 3223 475 3307 deinceps,
493 3223 576 3286 mira
596 3222 841 3305 dispensationis
861 3222 924 3287 Dei
945 3221 1176 3301 benevolentia,
1194 3244 1314 3287 nomen

315 3328 386 3410 ejus
401 3326 602 3390 diffamatum
620 3332 678 3404 est,
695 3331 727 3389 et
747 3325 872 3389 celebre
892 3325 978 3409 apud
996 3346 1117 3404 omnes,
1132 3331 1200 3389 tam
1218 3346 1316 3390 saecu·

313 3430 397 3494 lares
413 3429 597 3513 dignitates,
613 3450 710 3512 quam
724 3429 823 3494 etiam
842 3429 1057 3494 Ecclesiastici
1077 3429 1170 3494 officii
1185 3430 1313 3494 ordines

315 3533 514 3598 habebatur:
544 3533 590 3597 ita
614 3540 652 3596 ut
678 3532 792 3596 amodo
814 3533 883 3617 jam
905 3533 1074 3618 proficiens
1099 3533 1134 3596 in
1156 3533 1314 3613 futurum,

315 3637 461 3720 synodali
476 3637 648 3719 saepissime
663 3657 774 3700 eorum
788 3637 958 3701 interesset
972 3637 1132 3702 instituto.

361 3740 427 3804 Sed
448 3741 523 3824 qnia
544 3761 636 3804 mens
658 3741 729 3806 Deo
751 3739 857 3804 dicata
876 3740 1037 3805 favoribus
1066 3763 1133 3806 non
1157 3741 1315 3806 attollitur

315 3844 465 3908 humanis
475 3864 535 3908 nec
545 3842 695 3907 laudibus
705 3841 906 3908 sublevatur:
930 3851 1069 3928 coeperat
1079 3845 1120 3908 ad
1135 3845 1199 3908 alia
1211 3844 1316 3907 midta

316 3947 540 4011 sollicitudinis
571 3968 649 4010 cura
684 3947 840 4010 attentius
877 3969 1045 4031 properare
1075 3955 1107 4012 et
1143 3953 1316 4031 parentum

315 4051 524 4134 affiniumque
553 4072 685 4114 suorum
715 4051 875 4115 consortia
904 4051 1053 4129 devitare,
1080 4059 1113 4116 et
1146 4051 1315 4135 peregrina

314 4154 418 4237 magis
434 4176 531 4238 quarn
550 4161 694 4238 paternae
710 4154 906 4219 haereditatis
923 4162 1081 4219 terrarum
1100 4156 1171 4219 loca
1191 4153 1315 4218 deside-

314 4280 396 4322 rare.
443 4257 507 4322 Sed
536 4279 610 4322 cum
634 4258 679 4322 sic
706 4259 804 4342 longo
830 4259 982 4342 temporis
1010 4258 1178 4323 intervallo
1206 4278 1315 4321 secum

315 4362 521 4427 solertissime
538 4361 738 4441 deliberaret,
753 4371 791 4427 ut
809 4363 947 4446 patriam
964 4367 1176 4446 parentesque
1191 4362 1315 4426 desere-

314 4475 374 4545 ret,
389 4466 523 4529 tandem
538 4471 665 4550 arrepto
678 4465 781 4530 beatae
796 4466 958 4531 memoriae
967 4464 1112 4550 praedicti
1125 4465 1225 4548 patris
1240 4486 1317 4529 con-

315 4571 413 4650 sultu,
429 4576 547 4634 cuncta
561 4569 660 4633 animi
675 4570 724 4634 sui
739 4576 863 4643 secreta
877 4569 963 4634 intra
977 4569 1205 4633 conscientiam
1220 4576 1318 4636 antea

810 4695 829 4735 n
