3259 5467
694 672 730 712 ru
748 672 936 714 emsuoms.
1254 658 1316 718 231

309 813 536 879 Ardobanium
548 814 662 894 missis,
674 836 761 879 anno
776 816 898 881 Christi
913 816 1144 898 DCCXLVII,
1156 819 1318 884 Zachariae

311 919 373 995 VI,
386 918 557 982 Childerici
571 917 628 981 ΙΙΙ
639 917 723 1000 regis
734 917 794 981 V.”
811 919 895 982 Tum
907 928 1088 1003 sequuntur
1099 922 1219 1006 Capitt.
1229 925 1258 988 Ι.
1271 927 1320 988 Dc

311 1023 427 1084 bonore
448 1022 504 1084 &c
519 1036 546 1062 =
560 1043 592 1104 p.
617 1023 690 1097 153,
713 1021 735 1084 l.
758 1023 775 1084 1
799 1023 849 1085 De
863 1023 1056 1105 presbyteris
1079 1029 1319 1108 aprorum-De

311 1123 544 1207 chorepiscopis
556 1165 582 1193 =
594 1145 625 1206 p.
644 1124 716 1202 156,
731 1124 754 1188 l.
770 1126 811 1188 35
833 1145 894 1189 nec
913 1126 1081 1212 presbyter
1103 1130 1320 1195 constituatur

311 1226 549 1290 cardinalis-“
561 1225 745 1311 Presbyteri
777 1227 965 1307 cardinales,
1001 1229 1079 1294 dicti
1111 1231 1319 1315 parochiales,

312 1332 471 1410 curiones,
494 1333 675 1397 sacerdotes
696 1332 826 1416 proprii,
849 1332 1017 1420 presbyter
1035 1335 1072 1398 in
1091 1336 1221 1403 cardine
1242 1359 1318 1403 con·

312 1436 456 1515 stitutus,
488 1436 574 1519 apud
606 1435 812 1500 Hadrianum
841 1438 870 1501 I.
901 1438 966 1502 PP.
996 1438 1032 1502 in
1062 1459 1176 1504 canon.
1207 1462 1235 1506 c.
1266 1443 1319 1506 68.

312 1539 476 1602 Paschalis
497 1539 546 1602 ΙΙ.
562 1540 627 1603 ΡΡ.
642 1538 678 1602 in
696 1541 756 1623 Ep.
772 1540 814 1603 X.
831 1540 872 1603 ad
892 1541 987 1624 episc.
1005 1543 1319 1626 Compostellanum:

313 1641 491 1705 cardinales
505 1641 541 1705 in
557 1642 692 1705 ccclesia
705 1648 764 1705 tua
783 1642 986 1727 presbyteros
1002 1665 1058 1708 seu
1074 1645 1223 1710 diaconos
1237 1647 1320 1711 tales

313 1743 485 1823 constitue,
507 1744 562 1827 qui
585 1743 682 1826 digne
699 1744 828 1809 valeant
847 1746 1017 1810 commissa
1035 1746 1096 1811 sibi
1115 1748 1320 1813 ecclesiastici

311 1846 479 1929 regiminis
499 1868 598 1911 onera
617 1847 807 1912 sustinere.”
831 1849 875 1911 W
885 1872 895 1927 ;
908 1882 935 1909 =
947 1871 978 1933 p.
997 1852 1070 1928 157,
1091 1850 1113 1914 l.
1137 1853 1176 1913 16
1198 1872 1319 1916 memo·

312 1956 467 2013 ratos—“
479 1959 693 2014 commoratos
707 1950 824 2014 fortc.”
839 1951 893 2015 W.

357 2054 417 2137 Ep.
434 2054 477 2116 66
492 2060 513 2089 “
522 2055 544 2117 J
545 2075 665 2118 oannes
687 2053 857 2138 Philippus
880 2053 1083 2138 Vorburgius
1099 2053 1318 2121 Historiarum

313 2156 415 2220 Tomo
430 2157 491 2220 IX.
501 2179 574 2240 pag.
584 2159 660 2221 425.
677 2163 709 2222 et
725 2157 874 2222 Coiutius
892 2157 934 2221 ad
949 2179 1071 2221 annum
1086 2159 1317 2223 DCCXINII.

313 2259 503 2324 Chartulam
518 2260 603 2324 hauc
618 2280 637 2324 c
652 2261 802 2324 Browero
819 2281 946 2344 quoquc
961 2261 1126 2325 exhibent.
1162 2261 1320 2325 Ilamdem

315 2365 427 2428 Romae
443 2365 476 2428 S.
493 2365 588 2428 Rotae
601 2363 758 2428 tribunali
773 2363 991 2429 exhibuerunt
1007 2365 1067 2429 sub
1082 2367 1181 2429 finem
1197 2364 1319 2450 superi-

314 2467 378 2530 oris
400 2467 508 2531 saeculi
528 2467 715 2546 Fuldenses,
736 2467 793 2531 sed
814 2468 911 2550 paulo
930 2467 993 2532 alia
1009 2468 1100 2534 facie.
1146 2468 1319 2533 Variantes

313 2570 468 2634 lectiones
491 2591 531 2634 er
555 2570 667 2635 multis
689 2592 809 2654 paucas
833 2570 976 2654 seligam.
1022 2570 1089 2635 Ubi
1117 2571 1154 2636 in
1177 2572 1321 2638 clausula

313 2673 400 2756 apud
415 2674 602 2738 Browerum
616 2673 755 2756 legitur:
778 2675 877 2738 Anno
887 2674 1067 2739 Dominicae
1077 2675 1319 2755 incarnationis,

315 2777 492 2840 Fuldenses
520 2777 657 2861 legunt:
695 2797 776 2840 auno
810 2778 921 2841 dicicae
953 2779 1189 2843 iucarnationis.
1250 2778 1319 2843 Hi:

314 2901 426 2943 mense
446 2879 561 2943 Martii
582 2880 662 2943 XII.
683 2879 754 2959 die3
780 2879 834 2945 ille
857 2902 967 2945 mense
989 2881 1112 2946 Martio
1134 2879 1244 2945 XXII.
1268 2881 1320 2945 dic

315 2993 534 3069 repraescntat.
580 2986 658 3050 Tres
679 2987 810 3051 ultimos
833 2993 932 3051 testes
953 2987 1122 3051 Bmwcrus
1143 2987 1321 3070 praefectos,

316 3089 492 3152 Fuldcnses
507 3088 708 3173 presbyteros
723 3097 926 3174 nuncupant.
967 3089 1155 3153 Browerus:
1181 3089 1319 3171 Signum

316 3191 475 3256 Bonifacii
501 3191 737 3276 archiepiscopi,
765 3194 821 3277 qui
850 3194 934 3257 hanc
964 3198 1087 3256 cartam
1115 3213 1173 3276 pro
1204 3189 1320 3255 notitia

314 3295 461 3360 omnium
483 3295 641 3359 conscribi
661 3295 767 3380 jussit.
813 3296 918 3360 Iidem
936 3295 1132 3360 Fuldenses:
1151 3290 1218 3378 'qui
1234 3293 1319 3358 hanc

315 3404 435 3462 cartam
457 3398 583 3462 notitiae
605 3399 750 3463 omnium
779 3398 938 3463 conscribi
955 3399 1062 3482 jussit.
1109 3393 1214 3462 Iidem
1229 3397 1318 3462 *uul-

315 3500 440 3579 denses,
470 3500 528 3565 uhi
562 3503 730 3567 Browerus
764 3502 941 3567 traditione
970 3509 1004 3565 ct
1032 3501 1200 3567 vestitione
1228 3500 1318 3585 legit,

315 3605 429 3687 legunt
452 3605 620 3668 traditione
641 3612 672 3669 et
692 3607 870 3669 retentione.
917 3607 959 3670 In
978 3605 1164 3670 nominibus
1184 3604 1320 3690 propriis

315 3729 409 3791 porro
430 3707 628 3772 diuersitates
650 3709 839 3789 innumera,
858 3717 931 3793 post
949 3710 1007 3773 has
1024 3710 1123 3793 hujus
1141 3710 1261 3774 chartae
1280 3730 1319 3774 ex

316 3811 443 3875 archivo
461 3809 615 3875 Fuldensi
636 3812 803 3891 editiones,
819 3814 916 3877 tertia
935 3834 1039 3897 nuper
1054 3812 1184 3896 prodiit,
1203 3812 1238 3876 in
1257 3833 1320 3896 qua

316 3935 389 3996 pars
407 3914 657 4000 clausulaeque
677 3914 764 3999 apud
784 3916 972 3980 Browcrum
995 3923 1027 3979 et
1042 3915 1218 3978 Fuldenses
1232 3921 1319 3996 post-

317 4038 406 4082 rema
423 4025 483 4096 est,
498 4018 546 4082 ita
563 4018 746 4099 invertitur,
761 4027 799 4084 ut
821 4020 926 4103 prima
945 4021 1011 4097 fiat,
1028 4024 1061 4082 et
1080 4018 1184 4101 prima
1206 4017 1321 4082 evadat

317 4126 487 4203 postrema,
498 4121 556 4185 ubi
570 4122 649 4186 item
659 4123 747 4187 loco:
764 4123 904 4204 primum
916 4121 1184 4205 aMegenhelmo,
1196 4119 1320 4184 editum

316 4223 423 4288 videas
453 4246 472 4287 a
501 4225 742 4309 Megenhelmo.
787 4225 842 4290 Ad
870 4226 939 4289 haec
966 4224 1094 4288 novella
1121 4223 1191 4287 haec
1220 4222 1320 4287 editio

316 4326 438 4391 omittit
460 4327 664 4392 Bmweriana
680 4334 713 4394 et
729 4329 903 4393 Fuldensia
924 4328 993 4391 haec
1007 4326 1124 4391 verba:
1147 4348 1167 4391 a
1186 4326 1321 4407 Pippiao

316 4449 383 4492 cum
414 4429 463 4492 bis
493 4433 630 4493 terminia
662 4431 905 4513 circumciptia
936 4430 1069 4494 Domino
1104 4435 1135 4493 ct
1164 4430 1322 4492 Saloatmt

316 4538 420 4596 nostro
443 4537 473 4595 et
496 4553 515 4594 a
531 4534 694 4614 proedicto.
740 4536 793 4600 Ne
812 4534 1030 4598 mutationum
1051 4533 1186 4597 abarum
1204 4532 1321 4596 menti-
