3259 5467
495 1349 594 1423 VIII.
637 1349 694 1423 Dll
714 1349 818 1424 VITA
838 1351 921 1425 VEL
942 1351 1150 1428 PASSIONE

358 1574 670 1666 BEATISSIIII
696 1575 971 1668 MARTYRIS
997 1580 1273 1676 BONIFACII

597 1825 775 1879 aucroan
793 1796 1049 1880 wmnmanno.

698 2161 951 2226 PROLOGUS.

317 2359 462 2422 Dominis
482 2360 609 2437 coactis,
629 2365 660 2423 et
684 2379 756 2422 vere
780 2360 814 2421 ia
837 2359 960 2422 Christo
986 2360 1155 2424 corberiis
1173 2361 1265 2426 Lullo
1290 2369 1321 2428 et

361 2464 548 2546 Mepiapozo
563 2464 757 2545 coepiscopis,
778 2463 973 2526 Wolltboldvs
987 2464 1164 2546 Presbyter,
1180 2466 1251 2532 licet
1271 2467 1320 2531 ia-

361 2567 473 2649 dipaas
486 2566 655 2649 Presbyter
668 2569 702 2630 ia
716 2568 849 2630 Domino
863 2569 1003 2632 salutem.

361 2722 538 2785 Pnacnrro
555 2720 616 2805 piae
640 2719 846 2804 paternitatis
867 2727 982 2785 vestrae
1004 2721 1122 2788 affectu
1144 2724 1265 2808 pariter
1286 2732 1320 2791 et

314 2831 399 2904 voto,
415 2847 482 2889 non
496 2824 623 2909 propria
636 2824 743 2888 laudis
758 2823 906 2887 litteralis
922 2824 1056 2889 scientia
1073 2828 1247 2908 confidens,
1263 2827 1320 2893 sed

315 2926 462 2992 debitum
476 2927 668 2992 obedientiae
687 2926 877 3010 obsequium
896 2934 1009 2991 vestrae
1023 2927 1212 3011 impendens
1228 2951 1319 2994 sauc-

313 3031 412 3110 titati,
424 3030 563 3094 libenter
576 3030 669 3114 parui
681 3056 688 3095 :
705 3030 906 3113 arduumque
918 3029 1003 3113 quod
1012 3031 1215 3113 suggessistis
1227 3054 1317 3116 opus,

313 3134 438 3217 exiguis
459 3135 581 3199 viribus
602 3134 759 3214 inchoavi,
778 3134 820 3198 ad
834 3133 1037 3218 perfectionis
1057 3136 1233 3199 terminum
1252 3137 1318 3201 fine

312 3243 410 3300 tenus
435 3237 607 3302 deducens.
655 3239 719 3303 Sed
748 3238 947 3316 obsecrant
970 3237 997 3300 si
1021 3237 1185 3321 quidpiam
1211 3238 1314 3318 aliter,

314 3361 412 3421 quam
437 3347 543 3405 vestra
567 3343 715 3406 voluntas
739 3340 917 3425 expetierit,
943 3341 1145 3424 provenerit:
1179 3340 1315 3406 infirmi-

312 3444 390 3507 tatis
413 3467 494 3511 meae
521 3446 787 3524 imbecillitatem,
813 3444 980 3530 operisque
1005 3443 1147 3529 impositi
1172 3444 1316 3510 sublimi·

312 3557 425 3628 tatem,
455 3571 546 3635 aequo
576 3549 685 3614 animo
714 3547 917 3613 sustineatis:
953 3546 1106 3632 quoniam
1138 3547 1316 3612 maximum

311 3676 441 3719 mecum
462 3655 649 3719 reverentiae
673 3660 721 3717 est
746 3652 912 3731 indicium,
933 3672 1007 3715 cum
1030 3659 1143 3717 vestrae
1171 3653 1315 3718 sublimi-

311 3759 389 3824 tatis
408 3758 553 3842 imperio,
574 3756 765 3822 obedientiae
787 3777 918 3840 operam
939 3777 1007 3820 non
1025 3754 1170 3840 denego:
1194 3757 1269 3841 quia
1288 3757 1316 3822 si

311 3867 449 3950 dignum
485 3865 607 3950 aliquid
646 3871 680 3928 et
715 3862 835 3927 nostris
869 3860 1068 3945 temporibus
1108 3861 1314 3945 profuturum

311 3969 514 4048 confecerim,
541 3969 648 4033 divino
673 3967 786 4050 utique
811 3964 949 4045 muneri,
974 3985 1012 4028 ac
1035 3963 1187 4048 praecepti
1215 3965 1313 4028 vestri

311 4073 469 4138 desiderio
494 4072 723 4137 conferendum
748 4076 817 4134 est:
858 4069 1009 4153 quoniam
1038 4067 1092 4151 pia
1121 4065 1313 4150 quandoque

311 4176 522 4240 desiderantis
546 4177 694 4240 voluntas
718 4181 751 4238 ct
775 4195 911 4237 manum
933 4171 1080 4234 imitatur
1106 4169 1312 4250 emunctoris,

310 4286 344 4344 et
370 4279 585 4363 impressionis
609 4299 675 4342 suae
693 4277 854 4355 violentia,
877 4275 928 4338 vel
956 4273 1124 4337 minimam
1151 4271 1310 4355 quandam

311 4383 499 4447 desideratae
533 4382 674 4446 scientiae
703 4379 906 4444 dulcedinem
934 4382 1035 4461 parat,
1064 4374 1310 4459 famelicumque

310 4485 523 4570 impertiendo
541 4485 652 4550 reficit.
697 4482 848 4548 Decrevit
867 4481 954 4547 enim
973 4478 1126 4544 sanctitas
1140 4483 1246 4542 vestra
1260 4477 1310 4541 in-
