3259 5467
602 713 643 754 su
659 713 832 756 mansuris
848 714 1033 758 sanctonus.
1276 699 1321 760 61·

316 842 408 906 erant
433 845 542 906 timore
566 865 687 925 magno.
731 845 902 926 Respondit
927 853 1029 909 uatem
1054 850 1180 930 angelus
1201 851 1271 930 Dei,
1287 859 1318 916 et

318 948 403 1010 dizit
427 948 471 1009 ad
486 953 652 1028 pastores:
678 949 773 1010 nolite
799 949 926 1011 timere:
954 970 1022 1014 ecce
1043 952 1124 1013 enim
1143 955 1317 1036 evangelizo

316 1051 404 1113 vobis
415 1052 565 1133 guadiam
578 1072 731 1132 magnam,
744 1052 826 1133 qaod
839 1053 899 1115 erit
914 1054 995 1116 omni
1003 1056 1128 1135 popolo,
1138 1056 1211 1137 qaia
1226 1063 1319 1121 natas

317 1160 364 1217 est
388 1155 476 1218 nobis
497 1155 588 1217 lodie
608 1155 764 1232 Salvator,
785 1157 838 1236 qai
862 1162 907 1219 est
936 1157 1077 1220 Oltislas
1097 1159 1258 1238 Dominus,
1284 1162 1318 1224 in

318 1259 445 1320 amiate
463 1259 577 1321 David.
622 1258 668 1320 El
689 1260 745 1320 leae
762 1259 847 1321 vobio
867 1260 1009 1341 agnam:
1033 1262 1194 1324 invenietis
1214 1262 1316 1345 infan-

318 1367 380 1423 tem
388 1363 526 1442 posilaoa
540 1363 574 1424 ia
581 1363 744 1442 presepio.
788 1363 833 1424 El
847 1363 947 1426 sabito
959 1363 1052 1444 facta
1067 1371 1112 1428 est
1127 1385 1195 1428 aum
1209 1369 1318 1449 angelo

317 1465 482 1528 multitado
505 1466 624 1527 militia
645 1466 784 1544 catasta,
807 1467 1002 1530 laudantium
1027 1469 1137 1547 Deam,
1161 1475 1191 1531 et
1215 1470 1316 1532 dicea-

318 1569 420 1633 liam:
446 1570 554 1631 Gloria
573 1570 607 1632 in
626 1570 754 1631 iacebis
768 1570 835 1632 Deo
855 1575 885 1632 el
902 1571 936 1633 ia
955 1577 1041 1633 terra
1058 1593 1127 1652 poa
1146 1574 1317 1636 bominibus

318 1671 403 1734 borea
417 1672 592 1736 volontatis.
636 1672 682 1734 El
700 1679 846 1736 oeaaaal
863 1680 1008 1755 pastores
1027 1680 1057 1737 el
1075 1676 1254 1739 invenerant
1268 1677 1315 1739 ia-

308 1773 435 1854 faalem
442 1777 559 1856 pannis
567 1775 734 1838 involutam
745 1776 917 1856 elposllam
926 1777 1124 1857 iapraeseplc,
1134 1784 1165 1840 el
1175 1778 1317 1841 Mariam

318 1884 450 1940 matrem
471 1880 545 1961 ejas
564 1879 644 1942 acal
666 1879 769 1959 angeli
791 1880 836 1940 eis
852 1879 1077 1959 pradiaeraal.
1124 1880 1205 1944 Haec
1229 1881 1316 1944 enim

315 1982 472 2046 festivitas
492 1983 604 2045 salutis
624 1990 743 2045 nostrae
761 1981 892 2044 initium
910 1990 969 2060 est,
986 1990 1018 2045 et
1040 1982 1174 2046 humani
1190 1985 1316 2066 generis

316 2085 512 2164 reformatio,
541 2086 576 2148 in
606 2106 670 2169 qua
699 2085 788 2148 Deus
818 2106 876 2168 per
905 2085 1038 2148 Domini
1067 2086 1317 2150 misericordiam

317 2187 483 2252 descendit
512 2189 553 2252 ad
582 2188 742 2266 homines,
769 2196 807 2252 ut
837 2187 983 2252 homines
1014 2210 1071 2271 per
1100 2188 1316 2254 obedientiam

315 2292 497 2374 potuissent
511 2292 682 2356 ascendere
702 2292 743 2355 ad
757 2292 875 2370 Deum,
891 2292 968 2374 quia
984 2313 1042 2373 per
1062 2292 1317 2357 inobedientiam

318 2395 441 2478 expulsi
456 2402 532 2459 sunt
548 2396 587 2460 de
598 2395 736 2479 paradisi
750 2395 913 2473 felicitate,
929 2416 1026 2478 quam
1045 2395 1231 2460 felicitatem
1248 2418 1316 2461 non

315 2500 421 2563 solum
434 2499 577 2563 restittit
594 2499 686 2563 nobis
705 2499 794 2562 Deus
809 2499 850 2562 de
864 2498 1000 2581 Virgine
1021 2507 1128 2577 natus,
1145 2500 1318 2564 sedetiam

319 2603 458 2667 coelestis
468 2603 560 2685 regni
572 2602 776 2667 credentibus
786 2611 819 2667 et
830 2603 984 2666 mandata
992 2604 1061 2686 ejus
1073 2603 1316 2669 observantibus

315 2713 425 2788 portas
449 2706 583 2789 aperuit,
599 2715 633 2769 et
654 2705 842 2788 perdonavit
866 2705 946 2768 filios
968 2706 1032 2769 Dei
1051 2728 1118 2770 esse
1139 2707 1175 2770 in
1196 2707 1260 2770 fide
1282 2715 1315 2771 et

315 2808 459 2885 caritate,
476 2809 530 2891 qui
549 2808 682 2872 fuerunt
699 2807 758 2870 filii
774 2808 831 2871 irae
850 2808 885 2870 in
903 2808 1051 2891 peccatis,
1067 2817 1100 2872 et
1121 2809 1267 2887 miseriae,
1282 2817 1316 2873 et

314 2932 411 2975 omne
423 2911 540 2994 jugum
555 2911 719 2975 diabolioae
733 2911 895 2974 servitutis
907 2911 1056 2974 contrivit
1069 2918 1101 2975 et
1113 2913 1313 2991 comminuit,
1395 2944 1400 2953 ·

315 3023 353 3076 ut
367 3014 496 3077 nullum
510 3015 667 3098 potuisset
682 3015 768 3077 ultra
788 3013 967 3077 dominium
985 3012 1103 3076 habere
1118 3014 1263 3078 diabolus
1278 3016 1313 3078 in

314 3116 405 3180 omni
418 3117 558 3195 homine,
575 3117 630 3200 qui
644 3117 797 3180 mandata
811 3117 874 3181 Dei
889 3137 1013 3180 servare
1033 3115 1183 3179 voluisset
1199 3124 1231 3180 et
1246 3136 1280 3180 se
1295 3139 1315 3179 a

313 3221 454 3305 pcccatis
470 3221 641 3285 custodire.

357 3327 390 3387 3.
414 3324 522 3407 Igitur
540 3324 587 3387 illi
607 3325 662 3408 qui
679 3344 809 3408 peccare
829 3346 898 3400 ιιοιι
916 3331 1077 3401 metuunt,
1092 3343 1152 3385 nco
1167 3343 1225 3385 sua
1239 3343 1312 3404 pec-

312 3435 385 3491 cata
394 3436 510 3491 curant
521 3428 730 3505 confiteri,vel
738 3449 795 3510 per
805 3426 1030 3511 poenitentiam
1039 3425 1220 3502 emendare,
1231 3424 1312 3488 servi

312 3540 390 3596 sunt
407 3532 542 3612 diaboli,
559 3533 613 3616 qui
628 3554 702 3595 vero
717 3554 750 3595 se
766 3554 785 3595 a
799 3533 937 3614 peccatis
952 3531 1111 3595 custodire
1127 3538 1252 3609 curant,
1263 3530 1314 3593 vel

313 3657 373 3698 sua
389 3644 522 3719 peccata
538 3658 595 3718 per
617 3635 850 3699 confessionem
872 3644 905 3698 et
926 3634 1153 3718 paonitentiam
1175 3633 1312 3712 abluere,

312 3741 401 3804 etin
422 3739 583 3803 mandatis
605 3739 668 3802 Dei
689 3739 792 3802 vivere
810 3738 964 3821 gaudent,
983 3738 1018 3800 hi
1041 3744 1117 3800 sunt
1140 3737 1198 3799 filii
1219 3737 1313 3800 dilcc-

310 3843 411 3906 tionis
436 3842 499 3906 Dei
521 3850 554 3905 ct
581 3841 713 3905 heredes
738 3850 870 3905 aeternae
893 3840 1113 3905 beatitudinis.
1159 3837 1239 3903 Haec
1262 3847 1310 3902 est

313 3946 402 4009 enim
427 3966 547 4027 magna
571 3945 730 4022 nobilitas,
754 3953 792 4007 ut
821 3953 968 4008 terrenus
997 3943 1093 4006 homo
1120 3943 1220 4006 Filius
1250 3941 1314 4005 Dei

312 4049 478 4126 efficiatur,
494 4058 528 4112 et
550 4049 619 4112 haec
643 4048 780 4131 gloriosa
802 4047 953 4110 nobilitas
977 4053 1009 4110 et
1032 4067 1150 4128 magna
1171 4044 1312 4121 libertas,

313 4152 407 4216 bonis
421 4152 565 4216 moribus
580 4152 751 4234 diligenter
766 4151 926 4214 observari
941 4150 1047 4227 debet,
1063 4170 1122 4212 neo
1138 4147 1312 4211 altissimus

313 4255 420 4332 Pater,
442 4255 498 4337 qui
523 4255 612 4318 Deus
638 4261 687 4318 cst
711 4254 866 4330 omnium,
890 4253 951 4316 nisi
976 4252 1077 4315 bonos
1099 4258 1132 4314 et
1154 4259 1256 4313 castos
1280 4257 1312 4312 et

311 4357 422 4421 fideles
438 4365 469 4421 et
484 4358 644 4421 mandatis
664 4357 728 4421 suis
751 4357 966 4421 custodientes
984 4356 1066 4419 filios
1085 4355 1155 4417 vult
1173 4353 1312 4431 habere,

313 4466 346 4522 et
361 4460 497 4542 dignum
512 4468 561 4524 est
576 4469 614 4523 ut
628 4461 770 4543 perfecta
784 4461 875 4522 illum
891 4459 1060 4541 diligamus
1076 4456 1240 4534 charitate,
1258 4455 1313 4539 qui
1428 4510 1440 4529 ,

311 4584 371 4627 nos
386 4564 422 4627 in
437 4571 567 4628 tantum
582 4563 713 4642 dilexit,
730 4564 875 4647 quicum
886 4563 975 4626 Deus
991 4569 1039 4625 est
1055 4570 1204 4638 aeternus,
1214 4560 1311 4624 homo
