3259 5467
692 695 729 736 111
747 695 933 737 111110111.
1255 677 1319 738 203

311 836 499 902 muneribus
523 835 674 899 eumdem
695 835 933 919 adjuvantibus,
955 856 1064 918 preces
1083 837 1153 899 aliis
1175 837 1318 921 imperti-

312 940 452 1019 entibus,
469 939 618 1023 epistolas
634 938 703 1001 aliis
722 937 937 1002 scribentibus
954 939 1009 1001 dac.
1051 939 1145 1004 Inter
1159 941 1247 1019 alios,
1265 942 1320 1024 qui

312 1043 375 1106 hoc
396 1043 466 1126 ipso
486 1063 572 1105 anno
596 1041 631 1103 in
656 1048 830 1124 paternum
854 1041 1006 1105 successit
1029 1042 1154 1106 Cantiae
1182 1065 1319 1127 regnum

314 1148 410 1228 (teste
440 1147 530 1211 Beda
558 1146 613 1209 lib.
645 1149 676 1208 5.
707 1166 733 1207 c.
762 1147 816 1227 24)
850 1146 891 1208 ad
914 1145 1006 1208 illum
1031 1146 1094 1208 ista
1119 1147 1320 1230 transcripsit

312 1249 563 1312 AEthilbertus.”
579 1245 632 1310 W.

356 1353 417 1434 Ep.
443 1352 494 1429 16,
512 1374 543 1434 p.
565 1354 618 1429 51,
639 1351 661 1414 l.
683 1353 735 1413 31.
782 1350 994 1433 “Graphium
1015 1351 1132 1415 dicitur
1153 1353 1256 1436 stylus
1279 1354 1319 1417 ab

312 1477 381 1518 11111
398 1461 490 1538 parte
509 1461 632 1532 acutus,
656 1475 720 1537 qua
742 1454 958 1517 exarabantur
975 1454 1010 1516 in
1034 1475 1108 1518 cera
1129 1455 1255 1534 litterae,
1280 1456 1320 1520 ab

312 1559 416 1622 altera
438 1564 529 1640 parte
553 1558 678 1640 planus,
704 1579 768 1640 qua
790 1557 1014 1636 inducebatur,
1042 1559 1127 1641 quod
1152 1580 1320 1643 perperam

313 1668 384 1724 erat
400 1668 566 1724 exaratum
587 1667 619 1724 et
634 1681 745 1723 rursus
760 1661 1034 1743 complanabatur.
1082 1662 1270 1746 Symposius
1287 1664 1322 1726 in

313 1765 485 1846 oenipmate,
506 1764 597 1847 cujus
623 1764 743 1826 lemma
767 1763 894 1826 Grafio:
918 1763 956 1826 de
975 1785 1091 1827 mumma
1109 1767 1236 1845 planus,
1266 1765 1323 1828 sed

313 1888 377 1929 non
391 1887 444 1948 epo
453 1868 570 1946 plnum
584 1867 618 1927 in
631 1866 726 1928 imo.’'
742 1867 795 1928 W.

358 1970 418 2052 Ep.
446 1971 498 2047 18,
524 1991 555 2052 p.
587 1971 639 2045 52,
663 1968 684 2030 l.
709 1971 731 2030 4
760 1967 989 2051 Rauennam]
1051 1969 1241 2032 “Baronius
1268 1991 1320 2032 an.

314 2072 497 2137 DCCXIX.
510 2094 601 2134 num.
618 2071 690 2134 XV.
708 2070 879 2149 existimat,
895 2070 1084 2153 Egburgam
1099 2093 1157 2134 seu
1172 2072 1321 2154 Buggam

313 2175 402 2239 haud
432 2175 528 2238 aliam
558 2195 636 2252 esse,
667 2195 763 2256 quarn
793 2174 1002 2257 Eadburgam
1031 2174 1249 2253 Abbatissam,
1281 2174 1322 2238 ad

315 2300 414 2361 quam
434 2284 563 2341 exstant
583 2277 800 2341 Bonifacianae
813 2278 932 2341 litterae
948 2277 1060 2355 XVII,
1077 2278 1208 2354 XVIII,
1228 2278 1320 2356 XIX,

318 2388 352 2444 et
390 2381 469 2444 aliae.
529 2381 651 2444 Verum
689 2382 839 2463 Buggam
869 2385 902 2443 et
940 2380 1147 2463 Eadburgam
1183 2380 1322 2444 diversas

315 2484 414 2547 fuisse
433 2483 611 2547 verosimile
634 2491 692 2562 est,
708 2491 746 2548 ut
764 2483 872 2566 inquit
894 2481 1125 2561 Mabillonius3
1156 2491 1228 2547 tum
1249 2484 1323 2567 quia

317 2587 504 2651 Bonifaeius
527 2586 567 2650 ad
589 2587 679 2650 illam
701 2586 853 2665 scribens,
877 2607 1003 2669 semper
1025 2587 1176 2670 Buggam
1205 2609 1322 2670 cogno-

316 2690 431 2768 minat,
452 2689 536 2752 hanc
556 2710 630 2752 vero
653 2688 882 2771 Eadburgam3
914 2696 986 2752 tum
1014 2690 1089 2772 quia
1105 2690 1174 2754 haec
1196 2691 1323 2754 videtur

316 2793 416 2855 fuisse
441 2792 624 2875 Eadburga,
650 2815 668 2855 a
698 2814 763 2875 qua
788 2792 1013 2876 Leobgytham
1043 2792 1190 2856 didicisse
1220 2799 1323 2856 artem

315 2895 487 2978 poeticam,
502 2895 639 2978 ipsamet
661 2895 853 2979 Leobgytha
874 2901 1013 2958 testatur
1035 2896 1069 2958 in
1093 2917 1142 2978 ep.
1165 2896 1321 2959 XXXVI.

315 2998 403 3061 inter
421 2998 655 3076 Bonifacianas,
671 3006 708 3061 ut
726 2998 861 3081 proinde
876 2997 1050 3061 Abbatissa
1069 2997 1166 3061 fuerit
1183 2998 1322 3061 Winim-

316 3099 488 3164 bumensis
511 3102 707 3179 monasterii,
733 3102 769 3164 in
797 3122 860 3184 quo
886 3101 1077 3184 Leobgytha
1103 3100 1240 3163 educata
1263 3108 1322 3179 est,

317 3225 393 3266 cum
414 3211 524 3267 tamen
542 3205 717 3287 Eadburga
735 3202 910 3268 Abbatissa
925 3203 1115 3266 Tanetensis
1137 3203 1323 3266 monasterii

316 3306 485 3370 exstiterit.
530 3307 611 3389 Pagi
626 3308 666 3370 ad
682 3329 733 3370 an.
750 3305 962 3371 DCCXXIV.
978 3328 1011 3369 n.
1028 3306 1099 3369 II.'’
1115 3307 1167 3368 W.

361 3411 422 3493 Ep.
440 3413 491 3488 19,
506 3432 537 3493 p.
554 3413 606 3489 53,
621 3411 643 3473 1.
659 3414 691 3473 4.
707 3432 782 3473 cum
798 3410 889 3493 auro]
941 3415 961 3444 “
973 3408 1201 3493 Calligraphiae
1219 3409 1324 3491 perita

318 3513 382 3575 fuit
404 3513 588 3596 Eadburga,
609 3535 669 3578 nec
691 3513 852 3577 bonarum
873 3513 992 3576 artium
1014 3514 1172 3596 imperita.
1219 3512 1322 3576 111011-

319 3617 421 3700 gytha
435 3617 522 3679 enim
538 3617 789 3680 sanctimonialis
798 3616 1096 3681 Winimburnensis
1109 3615 1322 3700 ep.XXXVI.

316 3726 457 3783 testatur
490 3741 523 3783 se
558 3727 660 3783 artem
689 3720 851 3804 podticam
885 3721 925 3783 ab
956 3721 1131 3804 Eadburga
1166 3719 1323 3783 didicisse.

318 3822 427 3886 Citata
452 3822 504 3886 hic
529 3824 663 3906 epistola
692 3824 799 3887 estin
824 3826 1065 3906 computatione
1090 3830 1200 3886 nostra
1229 3823 1322 3886 XXI.

318 3925 480 3989 Caeterum
494 3947 563 3989 mos
579 3927 648 4010 jam
669 3934 738 3990 erat
753 3927 917 4010 antiquior
936 3927 972 3990 in
987 3925 1183 3990 membranis
1203 3946 1324 4007 purpu-

317 4030 380 4092 reis
404 4051 489 4102 ¹auro
514 4036 711 4112 argentoque
738 4029 917 4094 describere
941 4028 1065 4092 codices
1092 4034 1125 4090 et
1154 4025 1325 4108 variegatis

317 4133 478 4197 coloribus
493 4153 655 4196 exornare.
681 4133 714 4196 S.
727 4133 946 4216 Hieronymus
956 4131 1142 4215 praefatione
1156 4129 1192 4191 in
1204 4127 1324 4191 Jobum

319 4236 382 4299 ait:
406 4235 560 4313 Habeant,
577 4237 629 4318 qai
646 4237 761 4314 nolunt,
776 4242 893 4299 veteres
914 4236 1009 4297 libros
1023 4235 1073 4296 nel
1089 4234 1123 4295 in
1141 4231 1326 4295 membranis

311 4340 490 4420 purpureis,
509 4360 584 4402 auro
603 4345 788 4421 arperatoque
814 4339 993 4420 desumptas,
1015 4337 1065 4399 nel
1084 4334 1257 4399 uncialibus
1279 4335 1325 4418 (ut

317 4442 407 4523 culpo
427 4442 526 4522 aiunt)
545 4443 667 4521 litteris,
684 4463 777 4506 onera
800 4443 901 4525 magis
916 4445 1057 4517 exarata,
1074 4459 1166 4524 qaam
1186 4437 1324 4512 codices,-

318 4544 480 4607 dummodo
501 4546 577 4607 mibi
599 4547 731 4628 meisque
742 4548 928 4627 permittant
944 4563 1099 4625 pauperes
1114 4541 1225 4605 babere
1239 4543 1323 4605 selre-

793 4651 849 4712 02
