3259 5467
624 693 667 735 na
684 693 854 737 Masurius
869 694 1044 740 caenosus.
1294 683 1334 744 85

714 1223 869 1288 SERMO
893 1225 953 1288 IX.

360 1408 421 1480 Qaa'
436 1412 525 1468 octus
539 1407 602 1467 siat
617 1407 700 1468 omni
714 1407 815 1469 stadio
831 1407 976 1486 evitandi,
993 1414 1023 1470 et
1038 1411 1091 1491 qai
1107 1416 1172 1473 toto
1187 1412 1298 1475 viriam

670 1510 823 1572 instantia
837 1511 987 1574 sectandi.

368 1688 399 1749 1.
423 1686 669 1749 Cousrnnnaau
682 1691 808 1767 oportet
820 1707 889 1764 nos,
903 1685 1066 1766 carissimi,
1079 1691 1245 1770 praesentis
1255 1690 1329 1755 vitae

320 1795 457 1867 statum,
472 1790 522 1853 vel
543 1789 598 1871 qui
617 1796 708 1852 actus
730 1789 796 1852 sint
818 1788 912 1852 nobis
935 1790 1024 1853 omni
1046 1791 1154 1856 studio
1176 1793 1327 1873 evitandi,

320 1893 372 1955 vel
388 1892 445 1975 qui
458 1898 529 1956 tota
542 1891 660 1955 virium
674 1898 858 1956 nostrarum
874 1893 1031 1956 instantia
1046 1894 1199 1958 sectandi.
1234 1897 1328 1960 Inter

321 1995 434 2058 omnia
460 2017 531 2077 quae
552 1994 606 2058 hic
632 1995 684 2077 agi
709 1995 835 2078 possint
861 2016 986 2079 semper
1011 1996 1151 2079 aspicere
1174 1996 1327 2062 debemus

321 2097 485 2180 quomodo
507 2097 634 2162 diabolo
656 2097 819 2181 deceptori
840 2106 952 2163 nostro
974 2099 1169 2179 resistamus,
1193 2106 1226 2163 et
1249 2122 1325 2184 quo·

319 2200 419 2264 modo
435 2202 505 2265 Deo
521 2202 541 2264 J
543 2223 601 2264 esu
614 2201 789 2265 redemtori
804 2208 916 2265 nostro
931 2203 1122 2284 placeamus.
1168 2204 1211 2266 In
1226 2224 1264 2267 eo
1278 2204 1326 2266 illi

319 2304 495 2386 placemus,
512 2304 538 2366 si
559 2304 621 2367 hoc
643 2304 768 2387 agimus
792 2305 878 2387 quod
901 2305 956 2369 ille
976 2306 1084 2390 jussit,
1108 2313 1141 2369 et
1163 2305 1249 2389 quod
1270 2306 1325 2370 ille

319 2406 489 2470 interdixit
509 2407 696 2478 refutamus.
742 2408 880 2471 Peccata
897 2429 972 2472 vero
992 2416 1025 2472 et
1044 2395 1233 2493 iniquitates
1253 2430 1325 2493 pro·

318 2508 412 2572 hibet
441 2530 501 2573 nos
528 2511 739 2588 committere,
765 2511 935 2574 commissa
959 2511 1160 2596 poenitentiae
1185 2512 1324 2577 medica-

318 2611 409 2675 mine
424 2612 518 2675 citius
534 2634 655 2676 curare.
684 2615 785 2677 Recte
798 2615 908 2697 itaque
922 2615 1026 2678 vivere
1041 2621 1074 2679 et
1088 2616 1140 2699 pie
1156 2621 1189 2680 et
1204 2622 1326 2680 aeterna

320 2736 464 2796 quaerere
479 2717 629 2799 praecepit
643 2717 746 2794 nobis,
759 2723 792 2780 et
807 2738 1072 2801 unumquemque
1087 2719 1194 2782 locum
1205 2726 1238 2783 et
1249 2740 1325 2783 con-

318 2817 476 2882 ditionem
492 2841 584 2882 suam
599 2819 771 2902 diligenter
785 2841 965 2902 procurare,
978 2842 1019 2885 ne
1032 2843 1150 2886 vacuus
1161 2830 1322 2907 appareat,

316 2920 368 2984 vel
391 2922 499 2985 minus
524 2923 611 2986 utilis
637 2923 672 2986 in
698 2923 768 2987 loco
793 2944 861 2987 suo.
907 2925 985 2988 Una
1011 2930 1058 2988 est
1081 2926 1173 2994 enirn
1199 2926 1323 3009 corpori

316 3029 431 3088 nostro
458 3023 576 3101 anima,
600 3023 637 3086 in
663 3045 726 3107 qua
755 3024 822 3087 vita
851 3025 1008 3103 consistit,
1033 3026 1089 3089 sed
1118 3026 1222 3089 multa
1245 3034 1322 3090 sunt

317 3125 465 3190 membra
485 3126 616 3189 diversis
636 3126 789 3190 distincta
808 3126 929 3191 officiis.
977 3127 1030 3190 Sic
1049 3128 1085 3190 in
1103 3127 1236 3190 ecclesia
1254 3149 1322 3191 una

316 3235 367 3293 est
384 3229 473 3308 fides,
490 3250 561 3311 quae
575 3250 633 3313 per
648 3229 839 3294 charitatem
861 3229 982 3312 ubique
1004 3230 1128 3313 operari
1143 3230 1248 3307 debet,
1265 3230 1322 3293 sed

316 3331 451 3396 diversae
481 3333 656 3416 dignitates
690 3333 834 3416 proprias
867 3333 1025 3397 habentes
1056 3332 1320 3397 ministrationes.

315 3436 406 3499 Nam
431 3436 511 3499 alius
538 3436 616 3500 ordo
641 3438 886 3520 praepositorum
913 3445 971 3514 est,
995 3437 1076 3501 alius
1096 3436 1318 3515 subditorum3

316 3540 397 3602 alius
413 3539 559 3618 divitum,
577 3541 658 3603 alius
678 3563 876 3624 pauperum,
900 3541 981 3604 alius
996 3563 1120 3620 senum,
1136 3541 1318 3625 aliusjuve·

314 3663 415 3720 num3
439 3650 472 3707 et
494 3664 696 3727 unaquaeque
718 3666 855 3726 persona
869 3644 992 3708 habens
1014 3667 1073 3709 sua
1093 3645 1222 3729 propria
1238 3666 1317 3728 prae·

315 3752 418 3829 cepta,
434 3746 518 3811 sicut
538 3748 792 3831 unumquodque
811 3747 995 3812 membrum
1015 3748 1113 3813 habet
1134 3771 1228 3813 suum
1244 3770 1317 3832 pro-

313 3848 421 3930 prium
435 3850 470 3911 in
485 3870 616 3933 corpore
636 3850 785 3915 officium.
831 3852 919 3914 Nam
939 3852 1160 3935 episcoporum
1177 3852 1317 3917 officium

313 3957 364 4013 est
389 3973 486 4034 prava
510 3953 689 4036 prohibere,
715 3954 935 4038 pusillanimes
961 3954 1128 4032 consolari,
1152 3961 1316 4037 protervos

312 4056 481 4139 corripere.
542 4057 668 4120 Deinde
697 4058 805 4140 regius
834 4058 938 4122 honor
967 4058 1092 4141 populis
1123 4055 1218 4120 debet
1248 4076 1317 4120 esse

311 4159 424 4223 timori
437 4168 471 4223 et
486 4160 693 4239 venerationi,
710 4161 785 4244 quia
804 4183 872 4225 non
892 4169 941 4226 est
960 4168 1102 4245 potestas
1121 4159 1185 4222 nisi
1200 4180 1219 4221 a
1233 4158 1314 4222 Deo.

313 4262 411 4340 Item,
437 4270 585 4345 potentes
615 4272 648 4328 et
670 4265 795 4348 judices
826 4287 937 4329 omnes
964 4265 1020 4348 qui
1045 4263 1114 4346 regi
1138 4261 1313 4339 adhaerent,

312 4363 423 4427 fideles
438 4366 503 4428 sint
519 4373 654 4449 oportet,
671 4374 704 4430 et
718 4366 867 4446 humiles,
881 4373 913 4431 et
928 4366 1157 4443 misericordes,
1169 4365 1204 4428 in
1216 4365 1313 4447 aequi·

312 4473 381 4529 tate
392 4467 538 4550 judicare
553 4476 586 4532 et
600 4491 668 4533 non
682 4470 717 4533 in
731 4471 929 4550 muneribus,
945 4469 1057 4534 viduas
1077 4476 1110 4532 et
1129 4468 1266 4552 pupillos
1280 4475 1313 4531 et

311 4591 468 4652 pauperes
488 4571 668 4652 defendere,
689 4575 843 4658 episcopis
862 4575 926 4638 suis
944 4573 1089 4638 subditos
1112 4593 1189 4652 esse,
1210 4571 1311 4635 nemi-
