3259 5467
313 669 355 731 62
583 687 758 742 nourrson
776 684 1038 729 Ancumrrscorr

313 835 415 900 uoluit
430 855 489 918 pro
504 839 616 898 nostra
635 832 725 896 nasei
747 832 858 909 salute,
880 839 912 896 et
932 831 1041 895 omnia
1061 831 1167 895 faeere
1190 835 1223 894 et
1244 826 1315 913 pati

315 961 387 1024 quae
400 939 554 1022 leguntur
567 938 603 1000 iu
618 937 782 1019 evangelio
796 943 918 1016 sanctu,
934 936 992 1020 qui
1004 943 1134 1000 tanturn
1155 933 1314 998 mirabilis

315 1042 429 1108 claruit
443 1042 480 1105 in
493 1047 666 1124 conspeetu
675 1040 794 1124 populi,
804 1046 843 1103 ut
853 1041 1007 1104 veraciter
1020 1039 1152 1122 agnosci
1159 1037 1312 1122 potuerit,

316 1145 402 1229 quod
416 1146 502 1209 idem
516 1145 583 1228 ipse
598 1145 653 1228 qui
667 1144 763 1208 homo
778 1143 947 1208 videbatur
960 1145 995 1206 in
1006 1143 1184 1227 fragilitate
1198 1139 1311 1217 carnis,

315 1249 405 1313 Deus
431 1255 500 1313 erat
522 1249 559 1311 in
581 1254 741 1331 potestate
763 1246 948 1311 divinitatis.
967 1248 1004 1310 in
1025 1248 1117 1331 eujus
1142 1244 1314 1310 nativitate

238 1339 241 1346 ¹
316 1353 432 1435 angeli,
447 1359 485 1416 ut
500 1351 688 1429 audivimus,
699 1350 868 1414 laudantes
882 1352 989 1416 Deum
1005 1351 1193 1416 cecinerunt
1205 1349 1314 1413 Gloria

315 1456 350 1518 ia
372 1457 502 1518 eacelsa's
520 1457 586 1518 Deo
608 1461 638 1517 et
661 1455 695 1516 in
717 1460 806 1517 teram
820 1475 890 1536 pou
913 1456 1084 1518 homiraibus
1106 1455 1193 1518 borao
1210 1453 1314 1516 aalma

317 1560 403 1622 totis.
418 1559 463 1622 Et
477 1580 537 1622 nos
552 1558 685 1641 gloriam
700 1579 776 1620 oum
791 1558 913 1640 angelis
921 1559 991 1622 Deo
1006 1580 1169 1637 canemus,
1178 1557 1315 1621 lausan-

316 1669 366 1726 tes
389 1663 457 1746 ejus
474 1660 669 1726 ineffabilem
688 1661 948 1740 misericordiam,
970 1662 1025 1745 qui
1046 1662 1191 1746 seipsum
1208 1658 1316 1724 humi-

317 1765 416 1845 liarit,
438 1772 477 1829 ut
501 1787 561 1836 nos
584 1765 748 1828 exaltaret.
793 1765 912 1828 Faetus
937 1772 986 1829 est
1005 1765 1091 1828 filius
1111 1763 1263 1842 hominis,
1277 1769 1316 1832 ut.

316 1891 377 1933 nos
398 1871 536 1934 efficeret
556 1869 655 1934 Filios
668 1869 740 1934 Dei.
785 1869 887 1933 Venit
903 1869 939 1935 in
960 1869 1095 1952 regione,
1108 1868 1315 1941 mortalitatis

317 1981 445 2053 nostrae,
460 1980 499 2037 ut
514 1994 573 2037 nos
587 1973 706 2036 levaret
720 1971 757 2035 in
770 1972 902 2056 regione
922 1973 1032 2056 gloriae
1050 1994 1126 2037 suae.
1169 1970 1316 2036 Addide-

317 2084 395 2141 nint
420 2098 547 2161 quoque
570 2076 677 2159 angeli
702 2075 855 2160 hymnica
882 2097 977 2141 voce:
1012 2077 1059 2140 ut
1084 2078 1118 2140 ia
1141 2082 1231 2140 rasa
1247 2094 1318 2158 pua

318 2181 490 2244 huminibus
509 2180 592 2243 boae
612 2180 788 2242 vormatia
822 2180 910 2244 Vera
924 2186 972 2244 est
987 2180 1075 2244 enim
1090 2201 1162 2263 pax,
1177 2187 1217 2244 nt
1230 2179 1318 2244 bona

318 2285 483 2348 voluntate
516 2281 637 2347 subditi
670 2283 770 2353 simus
803 2283 874 2346 Deo
908 2283 1132 2367 omnipotenti,
1162 2283 1317 2348 facientes

319 2389 423 2471 magis
444 2386 532 2450 illius
554 2407 678 2468 semper
701 2386 900 2459 voluntatem
927 2409 1023 2471 quam
1046 2394 1191 2451 nostram
1204 2413 1217 2451 τ·
1243 2387 1318 2471 quia

318 2493 404 2555 illius
429 2491 578 2554 voluntas
600 2490 685 2552 salus
713 2497 762 2554 est
791 2498 911 2555 nostra.
959 2491 1159 2555 Mandemus
1188 2513 1249 2556 nos
1278 2491 1320 2555 ab

320 2596 410 2660 omni
423 2594 593 2677 iniquitate
607 2588 748 2676 corporis
767 2601 800 2658 et
820 2595 945 2660 animae.
990 2597 1148 2661 Vivamus
1165 2596 1204 2660 in
1225 2596 1319 2661 easti-

320 2706 388 2763 tate
403 2706 436 2762 et
458 2697 613 2761 charitate
628 2697 691 2761 Dei
706 2704 739 2761 et
753 2698 932 2777 hominum,
949 2706 982 2763 et
997 2721 1072 2764 eum
1089 2699 1319 2784 gaudiofservi-

319 2825 411 2867 amus
425 2802 499 2865 Deo
509 2801 545 2863 in
556 2801 645 2864 omni
655 2822 750 2884 opere
759 2801 855 2880 bono,
867 2803 903 2866 in
913 2802 1130 2867 misericordia
1140 2811 1173 2868 et
1185 2805 1315 2888 pietate,

321 2907 357 2970 in
367 2905 494 2990 justitia
508 2910 540 2968 et
554 2904 720 2987 patientia,
731 2911 764 2968 et
777 2905 813 2967 in
827 2927 884 2989 spe
898 2905 1052 2971 bonitatis
1066 2907 1140 2971 Dei.
1173 2907 1320 2972 Scientes

322 3009 497 3074 certissime
522 3028 732 3091 quaecumque
756 3009 915 3091 egerimus
939 3008 1025 3074 bona
1050 3010 1086 3074 in
1107 3009 1319 3096 eleemosynis

323 3115 404 3179 etin
419 3113 612 3190 humilitate,
628 3119 661 3176 et
676 3110 861 3176 obedientia
874 3120 1104 3197 praeceptorum
1121 3115 1220 3195 illius,
1236 3115 1320 3199 quod

323 3218 431 3284 omnia
460 3217 495 3279 in
524 3224 644 3280 aeterna
669 3215 869 3280 beatitudine
899 3216 1059 3281 Dominus
1087 3225 1200 3282 noster
1229 3219 1321 3289 nobis

323 3323 482 3386 restituet.
