3259 5467
554 705 634 748 vrrs
651 703 691 747 ur
709 704 918 748 uxarvnruu
935 706 959 747 s.
978 705 1103 748 nrvrur.
1257 688 1318 750 125

308 845 405 908 mori
430 846 623 930 incipientis.
678 848 724 910 Er
748 845 805 909 ubi
830 847 972 910 humana
997 846 1198 910 intellexerat
1223 847 1320 931 sopiri

319 949 446 1027 solatia,
462 949 515 1033 pia
530 949 743 1014 sollicitudine
758 949 924 1032 satagebat
940 949 1091 1013 adhibere
1106 950 1257 1014 coelestia.

368 1052 484 1116 Stabat
505 1061 615 1118 autem
636 1075 735 1137 prope
757 1054 923 1117 exanimos
946 1060 1034 1117 artus
1052 1054 1236 1118 adolescens
1251 1055 1322 1117 Deo

310 1155 459 1220 dilectus
477 1157 621 1237 Lirinus,
640 1157 776 1221 coelestis
798 1157 967 1221 medicinae
984 1164 1053 1220 arte
1073 1158 1205 1241 peritus,
1221 1156 1321 1221 oculis

321 1280 360 1321 ac
375 1259 524 1323 manibus
543 1260 579 1323 in
598 1261 715 1324 c'oelum
735 1282 918 1343 suspensus,
934 1261 1106 1345 lachrymis
1120 1261 1235 1324 faciem
1249 1280 1321 1344 per-

316 1363 424 1441 fusus,
449 1370 482 1426 ct·-
511 1363 597 1446 quod
621 1385 688 1446 prae
711 1363 903 1427 creberrimo
933 1363 1078 1446 singultu
1103 1364 1180 1447 aegri
1205 1363 1323 1427 doloris

310 1456 415 1528 effari
435 1465 569 1549 nequiit,
591 1454 806 1549 praecordialis
829 1467 897 1549 ejus
919 1466 1053 1530 affectus
1075 1465 1322 1530 clarescentibus

313 1569 447 1632 meritis
471 1570 639 1652 peroravit.
683 1569 792 1633 Etiam
822 1569 897 1632 finis
924 1576 993 1633 erat
1021 1556 1185 1634 orationis}
1229 1568 1322 1632 Tunc

311 1692 440 1754 corpus
460 1673 621 1736 defunctae
639 1679 768 1756 recepto
791 1672 907 1757 spiritu
925 1657 1174 1751 convalescebat,
1192 1672 1322 1750 resedit,

320 1796 502 1857 manusque
518 1797 645 1838 sursum
661 1776 815 1854 extendit,
826 1783 859 1839 et
870 1776 940 1839 Deo
955 1775 1161 1858 gratias-egit,
1172 1783 1205 1840 et
1220 1775 1319 1842 dixit:

313 1878 410 1943 Quia
424 1899 497 1941 cum
512 1900 569 1961 per
583 1879 695 1961 ignota
709 1886 742 1943 et
758 1879 1071 1963 aspirantiaviarum
1082 1880 1152 1943 loca
1166 1886 1199 1942 et
1209 1879 1320 1962 caligi-

314 2002 402 2043 nosa
420 2003 440 2044 a
460 1982 561 2064 nigris
579 1983 743 2067 spiritibus
763 1968 963 2066 perducerer,
980 1989 1012 2046 et
1027 1982 1062 2045 in
1077 1990 1180 2046 atram
1194 1982 1319 2046 foveam

315 2084 475 2167 sulphure
483 2094 515 2149 et
524 2086 600 2169 igne
608 2085 1037 2169 ebullientemimmergerer,
1044 2086 1317 2150 advenitSanctus

316 2188 466 2251 Michael
478 2189 701 2273 Archangelus
720 2211 794 2254 eum
814 2174 1009 2254 Patriarchis
1024 2174 1200 2268 Aliraham,
1216 2189 1317 2266 Isaac,

316 2298 355 2354 et
369 2292 487 2370 Jacob,
498 2300 531 2356 et
546 2300 658 2357 sancto
672 2293 770 2357 Petro
784 2293 939 2376 Apostolo
958 2293 1079 2358 coelesti
1098 2292 1242 2357 claritate
1256 2292 1319 2355 ful-

321 2417 453 2478 gurans,
469 2396 650 2480 minacique
664 2406 837 2480 conspectu
852 2397 932 2460 dixit
946 2397 1009 2460 illis
1024 2396 1117 2461 tetris
1133 2395 1315 2480 spiritibus:

316 2500 375 2564 vNe
389 2499 534 2564 inferatis
549 2501 664 2564 animae
678 2501 741 2578 isti,
758 2501 854 2564 sinite
869 2522 955 2578 eam,
972 2500 1123 2584 quoniam
1137 2515 1195 2584 per
1209 2497 1318 2562 dilecti

321 2603 372 2666 sui
388 2603 493 2666 Livini
507 2605 623 2667 merita
637 2604 783 2667 Christus
794 2603 889 2687 jubet
903 2602 939 2665 in
953 2624 1067 2687 corpus
1083 2623 1178 2665 suum
1192 2600 1319 2665 reverti.

322 2706 378 2769 Illi
393 2705 518 2769 confusi
532 2707 765 2789 disparuerunt.
797 2707 889 2769 Tunc
905 2706 1043 2769 Sanctus
1058 2705 1200 2769 Michael
1213 2705 1315 2768 Archa

317 2810 467 2892 angelus,
483 2817 516 2874 et
538 2809 641 2873 sancti
658 2809 862 2887 Patriarchae,
882 2815 915 2872 et
936 2809 1074 2873 Sanetus
1092 2808 1208 2872 Petrus
1229 2808 1317 2891 Apo·

322 2916 426 2980 stolus
441 2921 649 2998 susceperunt
669 2914 810 2978 animam
831 2934 946 2992 meam,
963 2920 995 2976 et
1017 2913 1053 2976 in
1074 2934 1189 2997 corpus
1210 2932 1319 2974 meum

321 3019 551 3103 deposuerunt.
605 3020 682 3081 Jam
711 3017 917 3100 gaudeamus,
941 3016 1015 3098 quia
1035 3015 1127 3099 pium
1147 3014 1320 3098 pronubis

321 3130 495 3206 patronum
520 3121 686 3199 habemus,
707 3120 871 3204 pudicitiae
895 3125 929 3182 et
953 3119 1084 3202 pietatis
1110 3117 1320 3201 splendores
1420 3139 1422 3142 ·

322 3227 395 3289 Deo
416 3232 615 3303 coronatum,
635 3223 769 3306 Angelis
787 3243 978 3305 comparem,
998 3220 1098 3284 civem
1120 3218 1319 3284 Patriarcha-

321 3349 407 3405 rum,
431 3327 553 3391 socium
582 3327 819 3410 Apostolorum,
844 3324 1041 3388 cohaeredem
1067 3323 1260 3407 Martyrum,
1287 3327 1321 3386 et

317 3429 469 3493 omnium
484 3429 582 3493 coetui
596 3435 779 3493 sanctorum
796 3427 1000 3509 coaequalem.

318 3565 321 3571 ·
367 3530 450 3595 Haec
476 3538 509 3595 et
533 3533 627 3616 plura
656 3539 689 3595 et
718 3530 835 3594 similia
862 3530 913 3594 his
943 3528 1079 3613 simplici
1107 3525 1320 3613 pronuntians

320 3636 429 3714 corde,
452 3644 555 3720 atque
574 3645 721 3722 suscepta
745 3637 970 3702 benedictione
999 3637 1085 3701 beati
1111 3637 1225 3716 Patris,
1248 3642 1320 3720 post

321 3740 394 3815 hoc,
417 3740 522 3805 multa
536 3763 704 3807 annorum
729 3749 875 3825 tempora
897 3741 976 3805 vixit
1001 3740 1181 3804 incolumis.
1236 3740 1320 3803 Cum

317 3864 398 3906 vero
412 3844 530 3907 talibus
544 3845 690 3929 insigniis
706 3845 843 3910 coelestis
854 3829 977 3908 militiae
989 3845 1136 3927 egregius
1147 3851 1219 3927 tyro
1230 3865 1320 3926 mag-

321 3946 509 4010 nificaretur
529 3948 565 4011 iu
582 3950 709 4032 populo,
724 3936 935 4031 expavescens
953 3968 994 4011 ne
1012 3948 1118 4011 favore
1139 3946 1242 4010 clatus
1259 3946 1320 4009 hu-

321 4071 430 4128 mano,
447 4073 469 4114 a·
487 4052 627 4116 culmine
648 4051 853 4136 perfeetionis
875 4073 940 4116 suae
962 4051 1079 4135 privari
1099 4050 1270 4127 videretur,
1287 4057 1320 4112 et

320 4145 503 4236 magnificae
520 4155 672 4220 claritatis
691 4156 760 4240 ejus
782 4156 911 4239 speculo
930 4154 1076 4239 quaedam
1097 4151 1320 4216 seducentium

320 4257 465 4322 fomenta
486 4257 619 4321 laudum
641 4258 839 4323 commisceri
853 4258 1101 4342 pertimesceret,
1118 4254 1231 4338 saepius
1247 4255 1318 4317 soli-

320 4361 471 4424 tudinem
494 4367 617 4444 petens,
641 4383 716 4425 cum
745 4361 849 4425 tribus
879 4359 1041 4443 discipulis
1071 4359 1136 4422 suis
1166 4356 1319 4434 Foillano,

323 4463 430 4542 Helia,
443 4472 475 4528 et
492 4463 632 4542 Kiliano,
643 4485 721 4548 quos
737 4463 851 4546 saepius
866 4461 1109 4547 praelibavimus,
1118 4481 1175 4544 per
1189 4458 1320 4523 arbusta

318 4576 355 4630 et
381 4567 572 4632 aviariorum
595 4568 716 4632 fruteta
744 4566 886 4645 latitans,
912 4565 1020 4630 herbis
1049 4572 1084 4630 et
1112 4562 1318 4650 sylvestribus
