3259 5467
696 704 735 747 rr
752 702 939 749 erispoius.
1255 689 1318 753 235

313 847 504 933 Wigbertus
518 847 695 913 monachus
706 847 959 929 Ibitislariomis,
971 848 1035 914 fuit
1048 849 1202 934 magister
1216 853 1320 917 saneti

315 951 452 1015 Sturmii
465 951 562 1036 primi
576 951 746 1016 Fuldensis
764 950 901 1031 abbatis,
915 956 953 1015 ut
967 952 1003 1016 in
1022 951 1121 1037 hujus
1136 953 1241 1018 saneti
1254 953 1320 1019 vito

313 1053 443 1136 legitur.
488 1054 632 1120 Quintus
652 1052 843 1138 Wigbertus
865 1055 1043 1120 monachus
1066 1055 1319 1140 Glentingubur-

314 1157 421 1240 gensis
441 1179 499 1222 seu
514 1157 750 1222 Glastoniensis
771 1158 969 1238 monasterii,
986 1158 1073 1242 quod
1091 1159 1234 1243 positum
1250 1167 1320 1226 erat

312 1258 349 1323 in
377 1278 461 1344 pago
488 1259 732 1340 somersetensi,
758 1260 849 1344 eujus
875 1265 924 1325 est
949 1261 1085 1344 epistola
1110 1262 1206 1328 LIII.
1233 1263 1319 1329 inter

313 1362 539 1427 Bonifaeianss
558 1362 731 1446 inscripta:
755 1363 905 1427 Patruus
925 1362 1131 1445 assuatsibus
1150 1366 1185 1429 iu
1198 1387 1319 1431 monus·

313 1467 390 1527 torio
415 1465 654 1548 Glestiupaburp
669 1466 863 1539 emistitutts5
885 1465 922 1528 in
940 1487 1003 1549 qua
1021 1465 1212 1550 Wigbertus
1232 1489 1318 1553 pres·

312 1564 408 1650 byter
422 1567 488 1630 ait:
517 1567 578 1632 Vos
591 1567 659 1631 vob
676 1568 757 1630 scire
771 1567 955 1646 charissimi,
972 1569 1056 1654 quod
1072 1571 1321 1654 archiepiscopus

312 1675 417 1733 noster
437 1668 629 1751 Bomfaeius,
653 1689 722 1732 cum
743 1670 907 1732 adventum
929 1675 1068 1733 nostrum
1093 1672 1241 1751 audisset,
1257 1693 1319 1754 per

311 1772 520 1852 semetipsum
535 1772 681 1853 dipodius
695 1777 741 1834 est
752 1772 845 1854 loppa
858 1771 910 1834 oio
925 1772 959 1834 iu
974 1772 1093 1835 obuiam
1104 1773 1191 1836 nobis
1204 1777 1318 1855 ventre,

312 1893 352 1935 ao
374 1875 527 1955 suscipere
551 1875 642 1937 valde
665 1873 801 1956 tenipus.
848 1873 949 1938 Hunc
971 1873 1178 1958 Wigbertum
1207 1898 1319 1941 omnes

313 1976 470 2040 haetenus
499 1997 575 2040 oum
604 1983 719 2040 saneto
745 1976 916 2059 Wigberto
945 1977 1173 2042 Fritislariensi
1202 1979 1318 2044 abbate

311 2079 397 2142 made
419 2079 646 2158 confuderunt,
667 2078 809 2162 indeque
836 2079 911 2163 quia
934 2078 1048 2164 Lupus
1070 2080 1182 2145 Abbss
1206 2081 1319 2146 Ferra-

312 2181 427 2246 riensis
441 2182 477 2245 in
491 2182 558 2246 vita
572 2183 675 2247 saneti
688 2181 851 2266 Wigberti
873 2183 995 2261 seribit,
1011 2184 1160 2248 Sanctum
1179 2185 1317 2267 prsr·

313 2291 389 2363 tum,
422 2291 591 2368 postquam
631 2286 901 2367 Mopuntiususem
940 2287 1146 2367 episcopatum
1185 2288 1318 2368 suscepit

313 2387 504 2469 Bosporios,
521 2389 561 2451 ab
577 2407 615 2452 eo
637 2389 847 2452 renuntiatum
857 2386 963 2469 fuisse
984 2388 1124 2452 abbatem
1142 2389 1317 2453 Ibitislon'-

310 2510 423 2568 ouem,
453 2490 612 2562 deduxere
648 2497 798 2554 sanetum
833 2488 1042 2572 Wigbertum
1078 2494 1156 2554 aute
1193 2501 1317 2574 annum

313 2593 506 2658 Dccxnv.
536 2593 688 2658 abbatem
717 2592 841 2656 dietum
870 2614 938 2656 non
967 2613 1061 2671 esser
1098 2614 1173 2658 oum
1205 2599 1318 2660 tamen

313 2696 430 2781 Lupus
462 2696 581 2761 diserte
616 2694 753 2774 adserat,
789 2694 998 2778 Wigbertum
1033 2695 1070 2759 in
1107 2696 1317 2762 Germaniam

312 2800 446 2878 venisse,
462 2805 636 2884 antequam
650 2798 836 2864 Boniiseius
855 2799 1065 2882 prsesulatum
1079 2798 1215 2879 iniisset,
1228 2800 1316 2866 ideo·

312 2923 375 2986 que
396 2902 604 2986 Wigbertum
631 2902 736 2966 istum-
758 2901 858 2965 alium
881 2922 949 2966 esse
971 2923 990 2965 a
1012 2908 1124 2966 saneto
1145 2902 1317 2985 Wigberto

312 3004 674 3070 Fritislariensiebbate
684 3029 695 3083 ς
718 3026 782 3088 qua
801 3004 842 3067 de
864 3025 900 3068 re
914 3003 1034 3086 Pugius
1055 3003 1149 3085 plura
1162 3005 1261 3068 refert
1275 3005 1318 3069 e'd

312 3129 365 3172 an.
388 3107 619 3172 DCOXLVII.
641 3129 676 3170 n.
699 3109 731 3171 9.
755 3112 788 3171 et
809 3107 862 3169 10.
883 3112 946 3172 eto.
992 3105 1111 3169 Sextus
1126 3105 1316 3193 Wigbertus

311 3209 411 3274 sbbas
439 3209 556 3273 incerti
583 3209 646 3273 looi
674 3231 743 3274 non
771 3209 884 3293 procul
913 3230 933 3272 a
961 3206 1090 3271 dioeoesi
1118 3207 1317 3290 Magantina

311 3311 417 3396 positi,
431 3318 469 3376 ut
490 3317 581 3394 putet
600 3331 639 3376 ex
656 3311 749 3395 epist
770 3311 955 3376 LXXXIII
974 3309 1061 3373 inter
1080 3309 1316 3390 Bomisoianss,

313 3416 404 3500 cujus
423 3415 539 3479 titulus
559 3420 628 3479 est:
660 3415 864 3479 Sanctissimo
884 3419 915 3477 et
934 3434 954 3476 a
972 3414 1040 3476 Deo
1059 3432 1178 3496 semper
1195 3423 1316 3477 conser-

311 3525 383 3581 vato
402 3517 535 3582 Domiuo
554 3517 646 3581 Lullo
669 3517 809 3599 episcpo
835 3517 1011 3599 prertus
1035 3528 1141 3581 sereres
1158 3535 1316 3581 seruorum

312 3621 387 3696 Dei,
403 3641 577 3703 quanquam
596 3621 741 3703 isdipuus
760 3619 859 3682 abbas
874 3625 975 3684 vester
993 3619 1029 3684 is
1047 3621 1185 3685 omuibus
1206 3627 1264 3686 etc.
1279 3620 1316 3686 in

313 3745 377 3806 qua
401 3744 477 3788 eum
499 3728 603 3807 rogat,
623 3730 662 3794 ut
685 3722 929 3802 monasterium,
952 3723 1005 3788 cui
1026 3729 1156 3807 preest,-
1178 3723 1317 3789 invisere

312 3825 399 3889 uelit.
459 3825 623 3909 Septimus
656 3825 846 3908 Wigbertus
880 3824 1039 3909 parochus
1073 3847 1131 3888 seu
1162 3825 1252 3890 eurio
1279 3826 1317 3889 in

312 3927 441 3992 dioeoesi
463 3928 671 4011 Maguntina,
691 3929 784 4012 eujus
809 3934 888 3992 sunt
911 3927 1054 4012 epistolse
1082 3927 1158 3991 011.
1182 3933 1215 3991 et
1244 3926 1316 3994 CX.

311 4031 398 4096 inter
411 4031 636 4096 Bonifaeianas
654 4032 696 4095 ad
715 4032 848 4096 Lullum
868 4031 1052 4116 episcopum
1072 4028 1315 4112 Magantinum,

312 4156 390 4218 quas
410 4135 546 4219 explieat
561 4134 708 4200 Cointius
730 4157 782 4199 an.
801 4134 981 4200 DCCLIV.
996 4153 1088 4197 num.
1108 4133 1181 4196 105.
1197 4153 1244 4217 sq.
1259 4132 1316 4198 ubi

311 4259 431 4321 magno
456 4259 563 4303 errore
589 4244 737 4306 sanetum
761 4237 971 4322 Wigbertum
994 4257 1068 4301 oum
1091 4234 1153 4300 hoe
1178 4236 1316 4319 septimo

312 4340 482 4424 Wigberto
505 4340 621 4406 abbate
643 4341 824 4420 cordundit,
846 4341 996 4424 illiusque
1018 4344 1156 4404 mortem
1179 4339 1215 4403 in
1239 4359 1315 4404 eum

312 4443 431 4508 Christi
453 4466 577 4508 annum
597 4444 715 4509 differt.
731 4444 807 4508 Vid.
824 4444 944 4525 Pagius
958 4445 1030 4508 loco
1043 4444 1153 4508 estate.
1198 4442 1316 4508 Citetae

312 4548 457 4631 superius
479 4546 622 4630 epistolae
638 4546 841 4631 reperientur
857 4547 892 4610 in
910 4546 1022 4611 ordine
1042 4545 1244 4612 Seruiano?
1259 4545 1312 4611 W.

785 4653 843 4718 ⁶22
