3259 5467
606 690 646 732 ur
663 691 838 736 Masurius
853 693 1040 739 sunniouus.
1280 683 1320 743 79

696 1142 851 1207 SERMO
875 1145 954 1208 VII.

646 1310 695 1372 De
702 1309 769 1391 fide
784 1317 814 1374 et
830 1313 992 1374 charitate.

364 1483 393 1543 1.
418 1480 535 1542 Pnruo
559 1479 705 1543 omnium
729 1482 939 1564 quaerendum
961 1489 1010 1546 est
1032 1482 1156 1547 homini
1181 1506 1253 1567 quae
1276 1485 1318 1549 sit

315 1604 393 1645 vera
415 1582 556 1660 scientia,
579 1602 717 1665 veraque
739 1583 897 1666 sapientia
904 1609 914 1662 ;
949 1585 1022 1668 quia
1047 1586 1202 1668 sapientia
1222 1587 1320 1670 hujus

316 1685 426 1748 saeculi
446 1685 585 1749 stultitia
607 1692 656 1748 θεῖ
680 1685 765 1768 apud
791 1686 908 1749 Deum.
956 1687 1099 1751 Scientia
1121 1710 1197 1752 vera
1220 1695 1278 1768 est,
1300 1711 1320 1752 a

316 1786 436 1850 diaboli
459 1789 596 1866 servitio,
621 1788 707 1871 quod
731 1795 809 1851 sunt
835 1796 975 1872 peccata,
999 1789 1157 1867 recedere,
1181 1797 1214 1854 et
1236 1792 1319 1875 sapi-

316 1890 406 1953 entia
420 1891 560 1973 persecta
575 1897 623 1955 est
639 1891 746 1954 Deum
767 1892 870 1954 colere
891 1891 1069 1955 secundum
1092 1892 1319 1957 mandatorum

314 1994 402 2057 illius
417 1994 602 2058 veritatem:
627 1995 702 2077 quia
721 1994 756 2056 in
777 1995 827 2057 his
848 1994 973 2058 duobus
988 1995 1054 2057 vita
1068 1994 1164 2058 beata
1179 1996 1318 2078 adquiri-

315 2105 380 2173 tur,
401 2098 484 2160 sicut
505 2098 672 2180 psalmista
691 2098 754 2160 ait:
777 2099 906 2161 Divertc
928 2119 948 2160 u
970 2100 1050 2160 malo
1073 2104 1103 2160 et
1115 2100 1179 2182 foc
1201 2096 1317 2162 bonum.

314 2186 376 2262 nec
392 2199 490 2262 etiam
505 2201 621 2263 sufficit
641 2201 791 2282 cuiquam
814 2200 899 2263 mala
920 2221 987 2263 non
1009 2200 1122 2278 facere,
1138 2201 1201 2264 nisi
1221 2201 1319 2263 etiam

315 2310 349 2365 et
373 2303 459 2366 bona
484 2303 599 2382 faciat3
630 2325 690 2367 nec
715 2304 802 2366 bona
824 2304 938 2382 facere,
962 2304 1026 2367 nisi
1051 2305 1149 2367 etiam
1175 2311 1208 2367 et
1233 2304 1319 2367 mala

314 2408 455 2470 omittat.
501 2407 616 2470 Omnis
632 2428 709 2488 ergo
730 2407 785 2489 qui
806 2406 851 2470 sic
871 2408 998 2490 sapiens
1019 2414 1077 2486 est,
1093 2406 1318 2490 proculdubio

314 2510 429 2574 beatus
456 2511 517 2573 erit
540 2511 575 2572 in
600 2516 768 2573 aeternum.
813 2510 916 2573 Nulla
940 2510 1054 2574 melior
1079 2517 1128 2574 θεῖ
1151 2510 1317 2594 sapientia,

314 2636 412 2696 quam
427 2635 466 2677 ea
480 2636 544 2696 qua
555 2614 644 2676 Deus
660 2612 838 2676 secundum
854 2612 1022 2676 modulum
1036 2613 1186 2677 humanae
1198 2613 1317 2677 mentis

314 2716 508 2798 intelligitur
530 2723 563 2780 et
585 2717 729 2794 timetur,
753 2724 786 2779 et
807 2717 955 2779 futurum
978 2717 1047 2799 ejus
1070 2717 1211 2780 creditur
1230 2717 1316 2800 judi-

313 2821 418 2883 cium:
438 2821 488 2882 vel
503 2820 580 2903 quid
596 2828 644 2883 est
656 2820 786 2902 justius,
799 2841 897 2902 quam
908 2820 1017 2882 Deum
1029 2819 1171 2902 diligere,
1182 2821 1315 2903 ejusque

312 2923 468 2986 mandata
482 2922 652 3000 custodire,
668 2944 725 3006 per
741 2944 836 3005 quem
853 2923 930 2985 dum
949 2944 1017 2985 non
1035 2923 1201 3000 fuerimus,
1218 2923 1317 2986 creati

314 3047 436 3103 sumus,
453 3034 485 3088 et
508 3048 527 3089 a
550 3026 701 3089 servitute
723 3025 842 3089 diaboli
864 3024 1000 3102 liberati,
1018 3025 1073 3107 qui
1094 3023 1186 3087 nobis
1209 3025 1318 3088 omnia

312 3129 400 3192 bona
413 3150 485 3211 quae
500 3128 656 3191 habemus
673 3128 886 3211 perdonavit?
932 3126 1012 3190 Ideo
1031 3127 1251 3210 unusquisque
1266 3127 1316 3189 in-

313 3233 511 3294 stantissime
526 3231 612 3294 bona
627 3254 698 3315 quae
713 3232 819 3314 coepit,
832 3232 982 3314 perficere
997 3229 1183 3307 contendat,
1195 3235 1233 3292 ut
1244 3250 1315 3310 per-

312 3343 444 3417 petuam
460 3356 479 3397 a
494 3335 636 3397 Domino
651 3342 812 3398 mereatur
827 3334 1008 3398 mercedem
1024 3332 1175 3415 accipere.
1200 3331 1314 3395 Omni-

312 3437 373 3500 bus
395 3437 516 3501 viribus
539 3438 693 3520 diligatur
714 3439 813 3515 Deus,
834 3437 889 3520 qui
911 3436 1051 3500 custodit
1073 3456 1185 3498 omnes
1208 3434 1262 3517 qui
1285 3434 1315 3497 ei

312 3562 428 3622 corpus
451 3563 544 3603 suum
567 3548 601 3604 et
623 3541 767 3604 animam.
787 3541 965 3624 subjiciunt
989 3539 1074 3602 bona
1094 3538 1261 3601 voluntate
1281 3543 1314 3600 et

312 3642 469 3706 charitate
485 3645 619 3707 sincera.
664 3644 753 3706 Nam
769 3643 873 3706 omnis
889 3650 1045 3720 creatura,
1058 3641 1134 3705 velit
1150 3648 1206 3705 aut
1221 3641 1313 3719 nolit,

311 3747 369 3809 uni
385 3747 456 3809 Deo
471 3755 504 3810 et
520 3746 650 3809 domino
665 3767 723 3808 suo
739 3745 885 3828 subjecta
899 3751 957 3809 est.
1006 3744 1070 3808 Sed
1085 3745 1146 3807 hoc
1161 3745 1312 3807 admone-

310 3872 395 3927 mur,
411 3858 449 3913 ut
463 3857 534 3912 tota
548 3850 714 3912 voluntate
730 3849 903 3911 serviamus
919 3848 1050 3911 domino
1065 3847 1136 3911 Deo
1150 3854 1271 3910 nostro.
1379 3888 1380 3891 =

354 3957 386 4016 2.
411 3953 505 4016 Fides
525 3961 574 4015 θεῖ
593 3953 697 4035 prima
715 3973 787 4034 quae
807 3950 959 4034 subjugat
979 3951 1120 4013 animam
1142 3949 1221 4026 De0,
1239 3948 1314 4030 quia

311 4056 453 4138 cognitio
477 4055 653 4119 divinitatis
679 4062 712 4119 et
737 4054 872 4119 scientia
894 4054 1037 4117 veritatis
1062 4051 1240 4135 perfidem
1266 4049 1314 4112 di·

312 4158 429 4222 scendo
455 4168 504 4222 θεῖ
529 4158 738 4222 catholicam:
773 4158 849 4240 quia
870 4157 937 4238 fiae
959 4156 1026 4238 fide
1054 4152 1240 4235 impossibile
1269 4159 1315 4215 est

305 4265 433 4343 placere
459 4263 535 4325 Deo.
581 4264 666 4326 Vere
690 4262 804 4325 beatus
831 4268 879 4324 est
904 4260 959 4344 qui
983 4266 1016 4323 et
1041 4265 1128 4322 recte
1154 4255 1314 4320 credendo

312 4364 394 4429 bene
424 4366 510 4442 vivit,
542 4373 574 4429 et
604 4366 687 4429 bene
716 4364 852 4428 vivendo
884 4364 981 4427 fidem
1010 4368 1132 4426 rectam
1161 4359 1312 4423 custodit.

313 4468 420 4550 Igitur
435 4469 517 4532 sicut
533 4469 636 4532 otiosa
650 4476 699 4532 est
713 4468 792 4532 fides
807 4468 877 4531 sine
892 4466 1041 4550 operibus
1056 4463 1158 4541 bonis,
1171 4463 1217 4526 ita
1231 4462 1313 4524 nihil

313 4573 484 4653 proficiunt
509 4594 605 4656 opera
629 4572 716 4635 bona
742 4572 811 4635 sine
835 4570 898 4635 fide
922 4577 1019 4634 recta.
1073 4567 1144 4631 Ista
1165 4571 1214 4630 θεῖ
1236 4565 1314 4628 fides
