3259 5467
327 681 388 744 196
578 698 671 742 nonu
688 700 728 743 ar
744 699 859 742 vanna
875 698 1067 746 anemonas.

366 842 426 926 Ep.
447 845 478 920 8,
495 863 525 924 p.
541 844 593 920 34,
609 842 630 904 1.
652 843 673 902 6
693 840 871 924 magnificae
896 841 931 904 in
953 841 1084 907 Christo
1110 835 1187 907 fidei
1213 851 1319 908 vestrae

323 947 367 1008 W
380 945 415 1008 in
430 966 532 1028 marg,
551 976 584 1003 =
600 945 623 1007 1.
641 947 682 1008 12
697 945 971 1028 priora—potiora
985 944 1029 1008 W
1042 945 1079 1009 in
1093 968 1197 1030 marg.
1217 981 1250 1007 =

366 1051 426 1132 Ep.
452 1053 483 1128 9,
500 1047 711 1112 “Leibnitius
726 1054 804 1111 tom.
830 1049 859 1112 I.
880 1048 996 1133 Script.
1014 1051 1090 1112 lter.
1110 1051 1320 1114 Brunsvicen-

323 1152 406 1216 sium
426 1175 457 1236 p.
479 1156 531 1218 37.
552 1152 637 1216 inter
658 1159 806 1235 excerpta
829 1159 975 1216 veterum
998 1153 1129 1217 adducit
1153 1154 1262 1218 locum
1284 1176 1320 1218 ex

321 1255 445 1319 Nennii
458 1254 601 1319 Historia
613 1256 785 1319 Britonum
797 1278 817 1320 a
828 1255 951 1320 Thomu
967 1256 1047 1320 Gale
1063 1256 1160 1334 edita,
1176 1257 1320 1321 desumta

321 1361 361 1425 de
380 1361 668 1443 Anglo·Saxonum
685 1359 822 1422 introitu
837 1359 872 1423 in
888 1359 1111 1424 Britanniam:
1134 1360 1209 1423 XII
1225 1362 1320 1424 midic

320 1465 476 1528 lominum
500 1466 534 1526 in
558 1485 618 1527 uno
645 1464 695 1526 dle
721 1463 969 1544 baptizatam
998 1483 1066 1526 cum
1095 1483 1129 1527 eo
1163 1464 1317 1547 (ilduino)

320 1569 454 1632 Sumtus
472 1569 624 1630 Paulinus
642 1567 848 1630 Eboracensia
869 1567 1126 1648 Arclicptscopus
1146 1587 1198 1630 eoa
1222 1567 1319 1649 bapti-

319 1672 405 1734 zavit
422 1678 453 1734 et
466 1692 526 1752 per
540 1672 601 1734 XL
623 1672 688 1734 dies
706 1692 767 1734 non
788 1672 919 1733 cessavit
941 1671 1101 1752 baptizare
1121 1691 1209 1734 omne
1223 1692 1320 1752 penus

319 1775 508 1837 Ambroncm
537 1774 573 1837 id
600 1779 646 1837 est
678 1774 901 1836 Aldsuconom.
945 1775 1073 1837 Notatu
1105 1773 1243 1856 dignum
1273 1781 1319 1838 est

322 1878 463 1942 Saxones
478 1878 530 1941 hic
544 1877 748 1941 Ambronum
763 1877 895 1940 nomine
910 1876 1071 1959 appellari.
1118 1878 1198 1942 Fors
1214 1878 1318 1962 appel-

319 1982 440 2046 latione
460 1990 567 2046 sumta
589 2003 626 2045 ex
650 1989 757 2045 vetere
780 1983 928 2045 Romana
948 1981 1091 2061 historia,
1107 1982 1165 2046 ubi
1186 1982 1318 2059 Cimbri,

320 2085 484 2149 Teutones
504 2092 600 2168 atque
619 2084 799 2149 Ambrones
818 2083 1109 2169 conjungebantur,
1129 2107 1193 2168 quo
1213 2107 1318 2164 sensu,

318 2196 412 2272 putat
438 2188 629 2267 Leibnitius,
653 2188 736 2251 nihil
761 2187 850 2252 aliud
875 2188 1124 2271 significaverint
1147 2188 1210 2253 hoc
1240 2190 1318 2267 loco,

319 2315 414 2375 quam
429 2294 587 2357 Teutones
603 2292 667 2356 sive
683 2292 881 2370 Germanos3
904 2292 969 2355 fors
988 2291 1116 2376 aliquod
1131 2293 1202 2377 ejus
1216 2293 1318 2357 nomi·

318 2395 368 2458 nis
383 2396 553 2477 vestigium
569 2395 654 2479 apud
670 2395 811 2459 Saxones
830 2395 1031 2479 superfuerit,
1047 2416 1123 2458 cum
1136 2395 1173 2459 in
1188 2395 1315 2460 Britan·

251 2528 253 2533 s
317 2498 406 2561 niam
431 2498 615 2576 transirent,
642 2506 675 2562 ct
705 2497 877 2580 aliquando
905 2505 978 2580 post
1014 2497 1230 2563 Altsarouum
1259 2520 1316 2563 no·

317 2600 405 2664 mine
431 2621 513 2684 saepe
535 2601 684 2664 Westfali
707 2623 726 2665 a
747 2600 909 2665 veteribus
935 2600 1156 2683 designantur,
1180 2622 1315 2684 quorum

320 2703 426 2785 (latius
456 2712 645 2783 sumtorum,
675 2711 713 2768 ut
746 2704 1020 2788 comprehendant
1050 2703 1203 2788 quicquid
1231 2703 1315 2768 intra

318 2806 469 2870 Rhenum
484 2813 517 2870 et
531 2807 698 2889 Visurgim
713 2808 774 2891 cst)
790 2829 864 2891 pars
879 2807 1048 2890 Angarii.”
1060 2807 1315 2891 W=p.35,1.36

316 2911 457 2990 adorare,
482 2911 557 2994 quia
581 2912 649 2995 ipse
675 2911 823 2975 Christus
851 2911 1011 2976 Dominus
1039 2910 1117 2975 vivit
1143 2932 1219 2976 cum
1245 2913 1313 2976 Deo

314 3022 406 3098 patre
420 3015 641 3098 omnipotente
654 3015 690 3078 in
704 3015 832 3079 unitate
849 3015 987 3099 Spiritus
1004 3015 1117 3080 Sancti
1130 3037 1189 3100 per
1207 3015 1314 3081 omnia

315 3119 431 3183 saecula
450 3120 648 3198 saeculorum,
663 3119 789 3182 Amen!
813 3119 858 3182 W
871 3119 907 3182 in
921 3140 1023 3202 marg.
1036 3148 1072 3176 =

358 3224 418 3305 Ep.
437 3226 487 3302 10,
503 3245 534 3306 p.
551 3225 603 3301 37,
618 3223 640 3285 1.
658 3225 699 3284 18
720 3221 861 3306 “Afros]
883 3223 956 3286 dist.
973 3225 1026 3287 98.
1042 3243 1069 3287 c.
1085 3222 1193 3287 Afros.
1221 3223 1312 3287 Idem

315 3332 348 3389 et
374 3326 414 3389 de
440 3326 627 3389 Britonibus
653 3348 702 3409 ep.
733 3329 803 3390 129.
830 3325 906 3390 licet
931 3326 1003 3389 Afri
1028 3325 1069 3391 ob
1096 3326 1311 3390 Manichaeam

313 3427 450 3492 haeresin
464 3430 603 3492 maxime
618 3430 797 3513 culpentur,
814 3428 855 3494 ob
871 3451 993 3494 errores
1008 3429 1086 3493 alios
1100 3429 1146 3494 hi.
1192 3430 1310 3496 Quem-

314 3531 488 3594 admodum
511 3533 628 3615 alioqui
651 3533 810 3597 latronem
834 3533 949 3612 Arabs,
973 3534 1020 3597 ita
1045 3540 1078 3597 et
1103 3532 1310 3597 libidinosum

314 3635 506 3718 quandoque
526 3636 716 3718 significavit
730 3637 819 3716 Afer,
837 3636 912 3720 quia
925 3643 963 3700 ut
979 3637 1024 3701 ait
1039 3635 1095 3700 lib.
1112 3637 1143 3700 6.
1192 3637 1308 3701 Salvia·

313 3759 393 3800 nus:
416 3736 493 3821 Afri
507 3740 655 3820 impudici
665 3743 861 3822 paenaliter,
877 3742 939 3803 nisi
953 3741 997 3803 ad
1009 3743 1109 3804 Deum
1124 3742 1263 3805 convmi
1278 3740 1312 3802 id

314 3847 369 3920 est,
386 3841 453 3923 fide
476 3863 514 3906 oc
536 3845 684 3925 relipione
706 3846 827 3907 mutati.
875 3843 950 3908 Huc
974 3849 1097 3927 spectat
1121 3865 1172 3928 ep.
1198 3848 1250 3911 74.
1276 3843 1307 3907 S.

313 3946 490 4029 Augustini
505 3948 549 4009 ud
561 3948 774 4011 Dcutcricm.”
788 3948 843 4011 W.

357 4050 573 4116 “Bonifacius
606 4058 656 4116 tot
690 4051 854 4134 tantisque
888 4051 1005 4115 litteris
1039 4051 1234 4134 Apostolicis
1260 4054 1307 4117 in·

313 4160 453 4218 structus
472 4154 508 4218 in
529 4155 737 4218 Germaniam
755 4155 862 4233 rediit,
877 4155 1072 4238 veniensque
1092 4155 1135 4219 ad
1153 4156 1308 4221 Karolum

312 4258 498 4341 principem,
521 4259 645 4322 litteras
668 4258 697 4321 ei
718 4258 857 4323 Romani
877 4258 1042 4322 Pontificis
1065 4259 1192 4339 detulit,
1214 4265 1307 4344 seque

312 4360 455 4443 ejusdem
488 4362 598 4426 tutelae
630 4360 795 4425 humiliter
828 4362 1072 4426 commendavit.
1132 4363 1307 4427 Annuente

313 4463 388 4527 dein
411 4465 531 4529 Karolo
554 4465 594 4528 ad
617 4465 796 4542 Cattorum,
813 4486 892 4548 quos
914 4472 1030 4529 vocant
1054 4465 1185 4545 Hessos,
1207 4465 1306 4550 regio·

313 4588 389 4630 nem
404 4566 492 4647 abiit,
509 4568 625 4652 quibus
641 4575 673 4632 et
688 4574 784 4632 antea
797 4568 971 4652 praedicare
982 4569 1051 4653 jam
1067 4577 1216 4653 coeperat.
1257 4569 1307 4633 Ibi
