3259 5467
311 725 354 784 30
596 734 774 779 nouisscu
792 732 1055 777 sacnrsmscorr

782 953 854 1044 ιιι

360 1105 405 1169 Ει
419 1103 552 1169 omnino
572 1102 770 1166 decrevimus
791 1108 830 1165 ut
852 1099 1073 1185 unusquisque
1089 1099 1267 1183 episcopus,
1281 1097 1313 1161 in

318 1231 377 1273 sua
390 1206 542 1292 parochia
555 1205 807 1270 sollicitudinem
826 1202 955 1283 habeat,
969 1210 1008 1269 ιιι
1026 1203 1165 1287 populus
1184 1201 1313 1266 Christi·

319 1333 400 1377 anus
422 1310 646 1394 paganismum
668 1330 735 1372 non
757 1307 872 1372 faciat:
905 1313 938 1371 et
959 1329 1018 1391 per
1039 1327 1151 1371 omnes
1174 1305 1315 1370 civitates

317 1414 481 1496 legitimus
503 1413 590 1477 forus
613 1418 645 1476 et
660 1433 812 1476 mensura
827 1413 893 1491 fiat,
910 1406 1086 1475 seeundum
1102 1407 1315 1474 obedientiam

319 1517 481 1601 temporis.

782 1818 863 1883 VII.

366 1942 520 2005 Similiter
534 1939 771 2019 constituimus,
786 1947 825 2004 nt
839 1940 910 2003 illas
926 1938 1110 2016 cruciculas,
1128 1958 1209 2020 quas
1224 1934 1317 1999 Adu-

320 2045 432 2109 bertus
461 2066 517 2127 per
546 2042 729 2127 parochiam
758 2045 969 2127 plantaverat,
996 2062 1108 2106 omnes
1138 2041 1216 2124 igne
1246 2060 1316 2103 con·

324 2155 503 2211 sumantur.

769 2452 871 2516 VIII.

371 2572 524 2636 Similiter
539 2570 686 2651 diximus,
703 2580 740 2636 ιιι
755 2594 860 2656 neque
876 2571 1009 2636 clericus
1024 2571 1195 2635 mulierem
1209 2570 1322 2634 habeat

325 2676 360 2737 in
383 2675 476 2739 domo
499 2698 566 2755 sua,
590 2698 661 2759 quae
683 2698 757 2740 eum
780 2676 836 2740 illo
859 2675 994 2754 habitet,
1019 2675 1082 2740 nisi
1104 2682 1255 2752 matrem,
1270 2679 1322 2737 aut

328 2801 479 2858 sororem,
496 2787 552 2844 aut
567 2787 698 2864 neptem
714 2801 815 2844 suam.

798 3079 858 3142 IX.

374 3200 528 3265 Similiter
552 3199 789 3277 constituimus,
813 3206 851 3261 nt
877 3198 986 3261 nullus
1011 3197 1112 3260 laicus
1135 3197 1235 3262 homo
1260 3198 1328 3260 Deo

330 3310 486 3368 sacratam
514 3304 680 3368 foeminam
715 3303 756 3366 ad
790 3301 959 3366 mulierem
988 3300 1116 3379 habeat,
1147 3322 1210 3364 nec
1240 3322 1329 3364 suam

329 3413 514 3490 parentem:
547 3427 606 3470 nec
632 3407 748 3470 marito
771 3407 896 3470 vivente
926 3427 1018 3469 suam
1047 3405 1220 3469 mulierem
1250 3404 1329 3467 alius

333 3509 476 3591 accipiat,
499 3529 559 3572 nec
583 3509 698 3572 mulier
722 3510 849 3573 vivente
875 3529 933 3572 suo
957 3508 1025 3572 viro
1051 3507 1152 3571 alium
1178 3507 1329 3590 accipiat:

334 3609 409 3692 quia
426 3611 560 3673 maritus
581 3611 748 3674 mulierem
771 3635 862 3675 suam
884 3633 951 3674 non
970 3611 1067 3675 debet
1087 3610 1264 3689 dimittere,
1280 3594 1330 3673 er·

335 3721 427 3797 cepto
442 3736 537 3778 causa
551 3716 771 3780 fornicationis
787 3716 1003 3800 deprehensae.

817 4063 858 4125 X.

382 4183 417 4245 Si
438 4182 508 4265 quis
527 4189 641 4246 contra
664 4182 724 4246 hoc
747 4183 923 4260 decretum,
946 4183 1032 4266 quod
1053 4183 1176 4247 XXIII
1198 4181 1335 4268 episeopi

337 4307 412 4349 eum
434 4285 505 4349 aliis
527 4286 745 4351 sacerdotibus
770 4288 822 4351 vel
846 4287 942 4352 servis
969 4287 1041 4366 Dei,
1064 4308 1132 4351 una
1156 4309 1232 4352 cum
1261 4309 1334 4351 eon-

339 4410 435 4453 sensu
449 4389 602 4473 principis
617 4390 756 4475 Pippini‚
772 4392 823 4455 vel
841 4392 1033 4475 optimatum
1048 4393 1248 4457 Francorum
1263 4412 1335 4456 eon-

340 4491 410 4556 silio
440 4492 688 4573 constituerunt,
718 4495 910 4578 transgredi,
940 4497 990 4560 vel
1024 4497 1130 4578 legem
1158 4496 1336 4578 irrumpere

335 4595 480 4674 voluerit,
496 4596 546 4660 vel
569 4597 757 4681 despexerit,
770 4600 965 4683 judicandus
981 4602 1022 4664 sit
1039 4601 1077 4665 ab
1094 4601 1166 4685 ipso
1181 4599 1335 4685 principe,
