3259 5467
413 688 455 750 28
689 703 868 748 remmon
885 703 1145 748 sscnrnmscorr

828 967 1010 1010 rnAErnr10.

458 1080 501 1143 In
520 1079 583 1142 Dei
602 1078 734 1143 nomine
754 1084 788 1142 et
806 1078 984 1143 Trinitatis.
1030 1080 1128 1143 Anno
1148 1078 1352 1144 DCCXLIV
1377 1080 1417 1144 ah

413 1182 635 1248 incarnatione
650 1181 780 1260 Christi,
796 1182 856 1246 sub
872 1181 924 1246 die
938 1181 989 1246 VI
1004 1181 1118 1246 Nonas
1132 1182 1258 1262 Martii,
1274 1189 1309 1247 et
1321 1183 1416 1247 Luna

412 1285 495 1348 XIV
531 1285 567 1348 in
598 1305 684 1348 anno
720 1284 862 1349 secundo
891 1284 1063 1349 Childerici
1091 1286 1176 1368 regis
1206 1287 1415 1351 Francorum.

414 1389 484 1471 Ego
503 1388 658 1472 Pippinus
679 1388 744 1451 dux
764 1395 797 1451 et
820 1387 968 1472 princeps
987 1389 1193 1452 Francorum.
1240 1390 1330 1453 Dum
1344 1391 1414 1473 plu-

411 1490 501 1554 ribus
528 1513 595 1554 non
624 1490 762 1569 habetur
790 1490 1004 1572 incognitum,
1032 1492 1168 1575 qualiter
1197 1514 1257 1555 nos
1287 1492 1324 1555 in
1354 1492 1415 1557 Dei

413 1594 544 1658 nomine
569 1617 636 1657 una
665 1615 740 1658 cum
769 1615 927 1657 consensu
958 1595 1188 1678 episcoporum,
1215 1595 1280 1660 sive
1314 1618 1414 1660 sacer-

412 1697 535 1774 dotum,
565 1698 615 1761 vel
644 1719 807 1761 servorum
836 1697 900 1761 Dei
929 1699 1071 1776 consilio,
1099 1699 1163 1762 sive
1193 1700 1351 1765 comitum
1381 1708 1413 1764 et

412 1800 604 1883 optimatum
627 1802 824 1864 Francorum
845 1801 1012 1884 colloquio,
1028 1803 1115 1885 apud
1135 1802 1319 1866 Suessionis
1339 1802 1410 1867 civi-

411 1909 512 1966 tatem
531 1903 698 1987 synodum,
714 1905 763 1967 vel
783 1903 954 1966 concihum
974 1906 1076 1968 facere
1100 1905 1310 1985 decrevimus
1327 1905 1410 1988 quod

411 2006 459 2069 ita
473 2006 508 2068 in
522 2006 585 2070 Dei
600 2007 730 2070 nomine
746 2014 779 2070 et
794 2006 939 2070 fecimus.

833 2293 994 2336 CANONE&

456 2511 498 2575 In
519 2511 630 2594 primis
650 2512 877 2576 constituimus
894 2512 991 2575 fidem
1011 2512 1200 2576 catholicam
1222 2518 1321 2597 quam
1339 2537 1411 2580 con-

402 2599 588 2679 stituerunt
612 2615 817 2680 CCCXVIII
838 2616 977 2699 episcopi
994 2616 1030 2679 in
1051 2615 1188 2681 Nieaeno
1208 2619 1354 2698 concilio,
1375 2626 1412 2683 ut

414 2718 659 2783 denuntiaretur
680 2740 737 2802 per
759 2720 941 2783 universam
963 2719 1128 2802 regionem
1145 2727 1292 2785 nostram
1311 2729 1343 2786 et
1361 2723 1411 2807 ju-

414 2822 497 2886 dicia
522 2822 675 2886 canonica
698 2823 833 2886 aliorum
860 2831 1055 2902 sanctorum,
1079 2846 1150 2907 quae
1173 2826 1413 2890 constituerunt

413 2925 448 2987 in
474 2925 604 3009 synodis
630 2926 712 2988 suis:
746 2947 809 3009 quo
836 2927 933 2989 modo
956 2927 1008 2989 lex
1037 2926 1110 3004 Dei,
1135 2932 1168 2988 et
1198 2927 1413 2992 ecclesiastica

413 3028 525 3111 regula
546 3034 763 3112 recuperetur,
784 3051 855 3112 quae
878 3028 915 3091 in
935 3026 1047 3092 diebus
1066 3029 1211 3116 priorum
1230 3030 1413 3114 principum

415 3131 567 3216 dissipata
581 3131 713 3196 corruit.

887 3420 936 3484 II.

421 3541 423 3545 ’
456 3539 630 3620 Propterea
646 3559 705 3600 nos
729 3559 795 3600 una
819 3559 893 3601 eum
915 3523 1073 3603 consensu
1096 3538 1329 3622 episcoporum,
1350 3540 1413 3603 sive

413 3641 624 3718 sacerdotum,
649 3662 704 3703 seu
731 3662 894 3705 servorum
924 3642 987 3731 Dei
1012 3648 1045 3705 et
1071 3643 1276 3725 optimatum,
1301 3665 1412 3708 eornm

412 3745 543 3809 consilio
559 3744 764 3821 decrevimus,
779 3751 818 3809 ut
833 3747 927 3810 annis
942 3746 1076 3830 singulis
1086 3745 1245 3831 synodum
1260 3768 1412 3812 renovare

413 3848 596 3926 debeamus,
628 3848 764 3930 qualiter
795 3850 933 3932 populus
963 3848 1165 3913 Christianus
1199 3848 1240 3912 ad
1274 3851 1411 3914 salutem

412 3954 593 4017 animarum
615 3951 780 4034 pervenire
801 3952 921 4036 possit:
949 3959 982 4016 et
1001 3959 1039 4016 ut
1062 3953 1192 4017 haeresis
1215 3954 1355 4037 amplius
1377 3953 1412 4017 in

411 4056 529 4140 populo
559 4076 625 4118 non
655 4062 812 4137 resurgat,
843 4055 925 4119 sicut
960 4055 1142 4119 invenimus
1171 4055 1207 4118 in
1232 4055 1429 4137 Adalberto,

410 4161 558 4225 haeresim
569 4186 578 4238 3
609 4181 705 4244 quem
728 4160 902 4242 publicitus
928 4183 995 4223 una
1016 4181 1092 4223 voce
1115 4159 1411 4224 condemnaverunt

412 4264 533 4328 XXIII
548 4263 696 4346 episcopi
712 4271 745 4326 et
768 4263 823 4326 alii
842 4264 938 4327 multi
956 4263 1145 4340 sacerdotes,
1162 4284 1236 4326 cum
1252 4283 1411 4327 consensu

411 4367 563 4450 principis
585 4373 619 4430 et
640 4367 768 4449 populi;
795 4366 842 4430 ita
864 4367 1160 4431 condemnaverunt
1181 4366 1289 4449 ipsum
1312 4366 1409 4431 Adul-

411 4469 549 4548 be1tum,
561 4477 599 4533 ut
615 4470 751 4552 amplius
765 4471 902 4554 populus
916 4492 974 4553 per
988 4470 1084 4533 falsos
1100 4470 1283 4533 sacerdotes
1298 4470 1409 4554 decep-

410 4581 462 4636 tus
476 4594 543 4636 non
557 4579 676 4655 pereat.
