3259 5467
545 684 625 726 vm
642 685 685 726 ΕΤ
699 683 909 726 MARTYRIUM
926 684 952 727 8.
970 684 1094 729 LIVINI.
1254 667 1313 729 131

311 826 502 904 insudabat,
520 835 553 900 et
573 847 637 909 quo
654 825 815 893 virtutum,
833 825 1055 892 universarum
1074 827 1138 891 dux
1159 835 1191 893 et
1210 851 1315 894 exem-

315 931 408 1013 plum
431 932 531 1008 fieret,
552 929 693 1002 studiose
713 928 838 1012 agebat.
884 930 926 993 In
948 930 1144 996 orationibus
1165 933 1316 1015 frequens

313 1040 397 1111 erat,
422 1033 546 1116 vigiliis,
570 1033 764 1118 jejuniisque
794 1041 975 1112 contentus,
1000 1035 1111 1118 inopes
1139 1036 1175 1099 in
1204 1058 1316 1100 eorum

314 1137 561 1208 necessitatibus
581 1137 751 1219 magnifice
767 1137 938 1216 relevabat,
954 1138 1116 1222 hospitum
1130 1146 1163 1203 et
1184 1162 1315 1224 praescr·

314 1241 378 1321 tim
406 1241 691 1324 peregrinantium,
720 1240 1015 1324 monachorumque
1051 1242 1086 1308 in
1115 1244 1316 1327 susceptione

313 1345 478 1428 piissimus
491 1344 690 1428 invigilabat,
705 1345 904 1428 propriisque
919 1345 1069 1411 manibus
1088 1347 1184 1430 pedes
1204 1369 1315 1413 eorum

316 1447 479 1526 abluebat,
489 1470 606 1532 aquam
616 1447 766 1512 manibus
778 1469 890 1514 eorum
905 1448 1127 1514 devotissimus
1141 1450 1315 1531 tribuebat,

315 1552 426 1622 eibum
441 1560 618 1636 potumque
635 1552 834 1635 largissimus
852 1552 1041 1618 distributor
1059 1553 1313 1634 administrabat,

313 1679 353 1726 ac
379 1657 571 1721 vestimenta
593 1656 761 1739 egentibus
786 1655 963 1720 ditissimus
980 1656 1115 1740 largitus
1137 1664 1195 1722 est.
1240 1658 1314 1741 Ipse

315 1760 415 1829 etiam
439 1760 498 1823 sub
520 1759 719 1824 vestimentis
742 1759 985 1824 Pontificalibus
1007 1761 1202 1844 purpuratis,
1225 1783 1313 1842 auro,

316 1863 515 1949 gemmisque
541 1862 706 1940 decoratis,
733 1861 834 1928 cilicio
864 1884 989 1945 semper
1017 1862 1151 1926 indutus
1175 1871 1253 1943 erat,
1280 1871 1314 1929 et

314 1987 400 2049 pane
420 1965 610 2044 subcinerio,
634 1965 858 2049 cineribusque
881 1966 1053 2030 commixto
1076 1973 1173 2048 atque
1195 1966 1314 2050 parcis·

314 2070 397 2139 simo
427 2091 519 2152 aquae
544 2076 643 2152 gustu
665 2090 723 2153 per
748 2069 815 2134 dies
846 2069 988 2152 singulos
1014 2068 1190 2133 victitabat.
1234 2071 1315 2154 Jugi

317 2194 445 2256 quoque
469 2172 688 2250 meditatione,
714 2173 909 2237 monasteria
934 2173 999 2237 sive
1024 2180 1208 2237 sanctorum
1233 2174 1313 2253 loca,

315 2277 524 2367 orationibus,
553 2276 748 2359 psalmodiis,
777 2276 1010 2360 missarumque
1047 2276 1314 2342 celebrationibus

313 2381 577 2463 vigilantissimus
591 2379 827 2463 frequentabat.

316 2525 320 2556 ;
360 2484 485 2551 Quanti
498 2505 573 2550 vero
586 2483 706 2548 infirmi
722 2492 754 2547 et
770 2483 889 2548 debiles
901 2505 940 2549 ex
951 2483 1066 2549 umbra
1075 2484 1162 2548 beati
1173 2483 1313 2568 corporis

314 2587 393 2670 ejus,
415 2594 447 2649 et
466 2592 558 2652 tactu
580 2585 847 2651 vestimentorum
868 2586 964 2664 illius,
983 2587 1048 2651 sive
1069 2594 1199 2651 tantum
1221 2585 1312 2650 audi·
1436 2632 1438 2636 -

313 2697 406 2777 entes
420 2673 531 2754 vocem
545 2689 606 2771 piae
627 2690 696 2772 ejus
716 2689 944 2754 admonitionis
964 2690 1034 2782 sani
1054 2690 1160 2754 effecti
1177 2691 1310 2770 fuerint,

314 2793 386 2877 quis
413 2793 570 2876 explicet?
608 2793 709 2857 Plane
728 2813 869 2875 namque
890 2793 1059 2857 beatorum
1080 2793 1310 2877 Apostolorum

314 2918 485 2980 supparem
500 2895 676 2973 credamus,
692 2896 767 2979 quia
788 2897 929 2979 puritate
949 2898 1068 2960 mentis
1088 2905 1120 2961 et
1139 2897 1312 2964 sobrietate

313 3000 428 3072 mundi
443 2999 581 3083 corporis
596 2999 711 3082 aequali
725 3000 847 3083 potitus
862 3005 911 3064 est
926 2999 1093 3082 dignitate.
1123 3001 1199 3065 Fuit
1215 3002 1313 3065 etiam

312 3103 506 3187 pauperibus
521 3102 662 3179 humilis,
678 3102 829 3187 subjectis
848 3103 946 3180 mitis,
962 3103 1147 3186 potentibus
1165 3103 1311 3183 affabilis,

314 3215 474 3290 quatenus
489 3229 621 3273 suorum
640 3206 860 3271 mediocritate
878 3228 1013 3285 morum,
1030 3207 1094 3270 sivo
1107 3207 1313 3291 jucunditate

314 3333 499 3386 sermonum
521 3310 557 3374 in
581 3311 666 3375 viam
690 3332 801 3374 omnes
826 3310 966 3376 alliceret
990 3310 1169 3375 coelestium
1198 3309 1311 3393 gaudi·

312 3437 416 3482 orum.
461 3414 619 3497 Cognovit
642 3421 752 3477 autem
773 3414 920 3497 praelator
943 3414 994 3478 bis
1017 3413 1235 3478 mundialibus
1254 3436 1313 3498 po·

312 3517 434 3596 tentiis,
454 3525 486 3581 et
506 3518 667 3582 tumentia
690 3539 802 3581 eorum
824 3517 905 3581 colla
926 3518 1113 3582 nullatenus
1137 3518 1178 3582 ad
1201 3518 1311 3582 Chris·

311 3621 411 3687 tianae
431 3621 595 3701 religionis
613 3621 843 3705 perfectionem
864 3621 1000 3690 valuisse
1021 3622 1151 3700 reflecti,
1171 3622 1235 3686 nisi
1254 3643 1312 3707 per

313 3726 587 3790 mansuetissimas
610 3746 692 3789 verae
712 3725 842 3807 pietatis
869 3725 1102 3790 admonitiones
1125 3725 1314 3809 Apostolica

313 3829 460 3895 imbutus
480 3829 636 3906 doctrina,
652 3829 789 3892 omnibus
804 3829 907 3892 omnia
918 3829 1028 3910 factas
1046 3835 1082 3892 at
1101 3850 1203 3893 omnes
1218 3830 1310 3892 laca-

304 3931 438 4012 soceret.
482 3932 623 3996 Altiores
645 3953 679 3995 se
698 3931 819 3996 honore
834 3932 1059 4016 praeveniebat,
1075 3931 1235 4015 subjectos
1250 3933 1315 3996 sibi

312 4043 447 4116 paterno
462 4055 570 4098 amore
585 4034 783 4113 confovebat,
798 4041 836 4098 ut
856 4035 1073 4100 familiaritate
1096 4057 1162 4099 suae
1180 4056 1310 4099 conver-

312 4138 445 4203 sationis
459 4139 638 4222 promptius
658 4139 754 4203 verba
773 4140 847 4205 vitae
868 4141 1014 4206 omnium
1036 4139 1186 4204 cordibus
1200 4140 1312 4203 infun-

312 4243 412 4306 deret.
456 4243 536 4306 Erat
551 4243 639 4307 enim
653 4243 701 4306 vir
715 4243 788 4322 Dei,
804 4245 905 4322 cultu,
921 4251 1005 4324 actu,
1017 4244 1141 4323 habitu,
1158 4244 1311 4328 omnique

312 4345 468 4428 corporali
482 4345 578 4410 modo
592 4347 662 4429 pari
676 4348 901 4412 convenientia
922 4348 1119 4433 coaptabilis,
1135 4348 1312 4431 productus

313 4450 432 4517 scilicet
456 4449 608 4516 membris
630 4458 663 4515 et
683 4451 865 4531 subtilibus,
885 4451 1037 4516 mediocri
1057 4473 1182 4535 quoque
1200 4472 1316 4534 proce-1

312 4553 407 4627 ritate
429 4555 585 4633 eminens,
606 4555 709 4639 capite
731 4556 857 4640 granffi,
871 4556 999 4639 capillis
1021 4555 1119 4635 flavis,
1140 4563 1173 4621 et
1194 4555 1309 4640 palmis
