3259 5467
319 682 359 744 72
603 699 774 742 uoumncu
790 696 1034 742 nnomnniseurv

311 851 467 925 potestate
492 846 564 924 eris,
591 846 713 926 etipse
739 844 947 908 dominabitur
977 845 1023 907 tui
1053 834 1172 906 cunctis
1200 843 1315 907 dieieu.

318 948 415 1011 Filios
426 955 547 1012 vestros
559 947 670 1012 docete
682 954 719 1012 ut
729 949 837 1011 Deum
848 947 1000 1011 timeant:
1012 946 1167 1011 familiam
1178 955 1317 1011 vestram

317 1050 473 1130 similiter,
488 1073 531 1114 ne
549 1051 668 1134 aliquid
688 1072 745 1135 per
764 1058 902 1114 vestram
923 1050 1156 1134 negligentiam
1176 1051 1248 1114 Deo
1262 1071 1314 1134 pe-

316 1159 396 1231 reat,
412 1175 538 1218 necnon
561 1161 594 1218 et
616 1176 727 1218 omnes
748 1154 869 1218 vicinos
891 1154 1114 1233 exhortemini,
1129 1161 1166 1217 ut
1186 1153 1316 1218 benefa-

318 1256 414 1335 ciant,
431 1258 581 1340 quoniam
596 1258 751 1342 scriptum
766 1265 836 1321 est:
863 1259 922 1332 Qui
937 1259 1073 1323 emnerii
1079 1256 1196 1339 fecerit
1203 1277 1315 1339 peccu-

318 1365 414 1422 torem
437 1361 476 1423 ub
497 1382 601 1424 muare
622 1363 679 1424 uia
701 1382 774 1439 suae,
789 1361 922 1424 salvabit
945 1361 1080 1424 animum
1094 1361 1159 1443 ejus
1174 1381 1194 1422 u
1208 1367 1315 1439 morte,

318 1469 348 1526 et
363 1466 478 1544 operiet
497 1466 722 1528 multitudinem
736 1470 945 1546 peccatorum.
991 1463 1161 1527 Discordes
1181 1462 1223 1528 ad
1241 1484 1315 1528 con·

318 1568 459 1631 cordiam
482 1575 637 1646 revocate,
665 1568 740 1651 quia
762 1567 850 1630 beati
877 1575 954 1630 sunt
983 1566 1080 1651 pedes
1108 1587 1221 1650 pacem
1245 1589 1315 1651 por-

317 1677 433 1734 tantes.
460 1672 525 1737 Qui
540 1693 651 1736 causas
666 1671 765 1750 audit,
778 1671 866 1755 juste
878 1671 1012 1755 judicet,
1028 1671 1104 1754 quia
1118 1671 1208 1735 Deus
1224 1670 1314 1735 dicit:

316 1775 406 1838 Juste
418 1776 531 1858 judica
546 1778 691 1856 prosimu
715 1780 776 1837 tuo.
821 1774 865 1838 nt
889 1774 1027 1837 iterum:
1053 1775 1092 1836 Iu
1116 1795 1175 1856 quo
1191 1775 1314 1855 judicio

308 1880 535 1962 judicaveritis,
541 1878 771 1961 judicabimini.
817 1878 959 1942 Munera
972 1899 1039 1940 non
1055 1877 1229 1960 accipietis,
1242 1878 1315 1961 quia

317 1984 380 2047 Dei
399 2004 502 2047 sermo
524 1989 592 2046 est:
619 1982 782 2045 Obcoeeaut
805 1982 908 2044 oeulos
929 1982 1123 2062 sapieutium,
1138 1987 1170 2044 et
1192 1981 1315 2044 subuer-

317 2093 385 2151 tuut
402 2090 493 2151 uerbo
504 2088 671 2170 justorum,
687 2094 720 2150 et
741 2108 816 2150 cum
831 2087 991 2149 Dominus
1012 2085 1089 2150 dicit
1110 2085 1145 2171 in
1165 2085 1315 2150 tuberna-

316 2193 389 2254 culo
403 2204 461 2256 suo
475 2191 509 2254 id
524 2197 572 2255 est
589 2191 625 2253 in
644 2211 744 2273 regno
764 2211 823 2254 suo
842 2189 998 2268 habitare,
1015 2190 1067 2272 qui
1081 2209 1210 2252 munero
1223 2210 1315 2272 super

317 2295 506 2358 innocentem
520 2315 580 2357 uou
596 2295 719 2375 occipit.

360 2401 392 2461 2.
416 2397 512 2461 Diem
532 2397 728 2461 dominicum
749 2396 923 2474 observate,
940 2397 981 2460 ml
1001 2396 1165 2460 ecclesiam
1185 2396 1313 2474 currite,

316 2501 391 2583 quia
412 2500 448 2563 in
472 2500 542 2583 ipsa
567 2500 713 2563 Christus
743 2522 762 2563 a
791 2501 928 2563 mortuis
953 2499 1136 2577 resurrexit,
1158 2507 1198 2563 ut
1223 2499 1315 2564 nobis

317 2624 443 2686 quoque
465 2604 646 2687 exemplum
666 2603 824 2687 praeberet
846 2602 1098 2667 resurrectionis.
1143 2602 1199 2667 Ibi
1215 2610 1314 2682 orate,

317 2713 350 2771 et
364 2706 489 2770 fabulas
505 2707 621 2771 otiosas
637 2715 669 2770 et
683 2706 910 2771 verbositatem
922 2707 1092 2790 diligenter
1106 2713 1227 2786 cavete,
1241 2707 1315 2791 quia

317 2810 471 2894 scriptum
493 2818 560 2875 est:
598 2813 715 2874 Domus
737 2832 805 2874 uvea
829 2812 936 2874 domus
959 2811 1110 2874 orationis
1134 2816 1191 2874 est.
1236 2810 1314 2874 Ideo

316 2935 407 2977 orare
421 2913 468 2977 ibi
483 2913 615 2995 debetis,
631 2921 664 2978 et
678 2914 838 2978 inutiliter
857 2935 924 2978 non
944 2913 1121 2979 verbosare.
1166 2913 1313 2977 Eleemo-

315 3039 410 3102 synas
433 3018 507 3082 date
532 3018 626 3101 juxta
650 3019 742 3097 vires,
766 3017 918 3101 quoniam
939 3019 1020 3081 sicud
1049 3037 1131 3100 aqua
1160 3017 1315 3100 eutiupuit

313 3123 424 3204 ipuem,
440 3123 486 3186 itu
501 3124 687 3205 emensosyuu
707 3123 860 3204 eutiupuit
877 3127 1018 3205 peccatu.
1064 3117 1251 3203 Hospitsles
1265 3119 1313 3182 in·

314 3225 424 3305 vicem,
449 3226 524 3309 quia
545 3226 706 3290 Dominus
726 3226 763 3288 in
781 3224 904 3308 judicio
925 3225 1070 3289 dicturus
1094 3229 1161 3288 est:
1194 3224 1314 3306 Hospes

314 3350 409 3408 mom,
431 3336 462 3393 et
483 3330 661 3411 suscepistis
681 3349 738 3392 me.
792 3328 890 3391 Unde
913 3334 946 3395 et
969 3327 1099 3412 quidam
1122 3327 1314 3410 placuerunt

315 3432 437 3514 angelis
455 3433 594 3516 hospitio
613 3431 759 3516 receptis.
805 3431 996 3515 Peregrinos
1019 3430 1179 3514 suscipite,
1195 3436 1229 3495 et
1244 3451 1310 3494 me·

314 3541 459 3599 mentote
472 3557 528 3599 vos
545 3536 628 3619 ipsos
648 3535 683 3598 in
702 3535 763 3599 hoc
782 3536 899 3600 saeculo
920 3534 1115 3618 peregrinos.
1161 3534 1313 3597 Infirmos

313 3637 450 3716 visitate,
467 3638 542 3721 quia
560 3645 593 3701 et
610 3638 770 3702 Dominus
791 3639 935 3702 dicturus
955 3644 1023 3702 est:
1045 3637 1194 3719 Infirmus
1207 3634 1263 3718 fui
1285 3643 1314 3700 et

313 3739 464 3804 visitastis
478 3761 534 3804 me.
578 3741 694 3805 Viduis
709 3748 743 3805 et
756 3741 886 3825 pupillis
900 3741 1095 3820 ministrate,
1111 3739 1188 3824 quia
1201 3739 1312 3804 Domi-
1344 3800 1346 3805 .

312 3865 375 3907 nus
390 3845 534 3908 diutinus
549 3851 608 3925 est,
624 3846 708 3932 quod
720 3847 775 3908 uui
794 3867 834 3909 eu
853 3846 988 3908 minimis
1006 3846 1081 3908 meis
1092 3843 1218 3926 fecistis
1238 3843 1314 3905 miti

304 3946 437 4029 fecistis.
483 3949 632 4014 Decimus
652 3949 792 4014 ecclesiis
812 3949 947 4028 reddite,
965 3947 1040 4032 quia
1055 3947 1215 4011 Dominus
1232 3967 1311 4030 prae·

312 4052 397 4135 cepit
418 4053 547 4117 dicens:
569 4054 703 4117 Reddite
717 4075 784 4136 qua
803 4058 876 4115 sunt
894 4053 1025 4115 Cusams
1042 4048 1245 4129 Cesaribus
1265 4055 1312 4113 est

311 4157 478 4239 vectigalia
492 4164 525 4221 et
539 4157 672 4237 tributa,
685 4164 716 4221 et
730 4179 797 4240 quse
810 4163 883 4220 secut
897 4157 959 4219 Dei
967 4157 1045 4235 Deo,
1057 4153 1092 4219 id
1107 4161 1157 4218 est
1171 4152 1312 4218 decimus

312 4261 516 4342 etprimitias
535 4267 568 4324 et
587 4268 661 4325 vota
679 4282 750 4344 quae
769 4260 899 4324 vovistis
921 4258 1038 4337 omnia,
1055 4257 1138 4322 sicut
1153 4256 1312 4321 Dominus

311 4364 479 4446 praecepit:
521 4366 720 4447 Quaecumque
748 4365 841 4427 uultis
863 4370 899 4426 ut
915 4362 1043 4442 fociant
1066 4362 1153 4425 uobis
1177 4360 1313 4424 mutua

313 4466 400 4544 bonu,
416 4469 480 4530 tec
494 4474 524 4531 et
542 4489 596 4531 uos
608 4468 712 4549 facite
729 4469 802 4547 illis,
818 4474 849 4531 et
871 4467 953 4549 quod
972 4465 1030 4529 tibi
1049 4486 1111 4529 nou
1131 4465 1189 4544 uis,
1206 4464 1264 4526 alii
1276 4481 1312 4526 ue

303 4567 431 4648 feceris.
475 4572 550 4634 Hac
565 4578 610 4635 est
624 4572 704 4634 euim
722 4573 773 4635 teu
791 4578 822 4635 et
835 4573 1003 4653 propheta.
1050 4567 1087 4631 Si
1104 4567 1191 4632 hanc
1209 4567 1250 4631 ad
1263 4566 1310 4631 in-
