3259 5467
541 740 581 781 nr
597 739 770 783 urarrurs
787 741 959 786 conclus.
1205 726 1250 787 35

480 995 530 1059 De
544 997 794 1080 professionibus
809 997 1022 1063 sacerdotum.

292 1115 332 1177 X.
358 1115 498 1180 Quando
517 1115 695 1201 presbyteri
709 1119 758 1182 vel
777 1118 903 1182 diaconi
917 1139 975 1202 per
993 1119 1159 1203 parochias
1173 1141 1248 1186 con-

247 1217 440 1296 stituuntur,
455 1227 581 1302 oportet
595 1242 650 1284 eos
661 1221 808 1306 episcopo
823 1243 882 1287 suo
890 1222 1119 1306 professionem
1133 1223 1247 1290 facere.

504 1537 556 1600 De
569 1542 765 1602 testamento
781 1536 994 1603 sacerdotum.

292 1672 353 1735 ΧΙ.
377 1672 561 1757 Presbyteri
589 1680 661 1758 post
690 1674 927 1739 ordinationem
957 1697 1023 1740 suae
1052 1677 1250 1759 paupertatis

247 1775 368 1858 praedia
396 1783 627 1860 comparantes,
656 1784 853 1842 testamenta
882 1779 1022 1843 ecclesiis
1048 1781 1249 1846 confirment.

250 1878 310 1942 Sin
325 1880 428 1958 aliter,
443 1887 481 1943 ut
495 1881 695 1946 fraudatores
710 1888 896 1946 teneantur.

589 2170 639 2232 De
654 2167 927 2233 archi-diaconis.¹
1023 2189 1027 2196 ’

291 2305 372 2369 XII.
395 2304 596 2371 Praevideant
612 2307 760 2390 episcopi,
771 2328 812 2370 ne
825 2305 983 2390 cupiditas
995 2305 1249 2372 archi-diacono-

247 2430 321 2472 rum
337 2430 468 2472 suorum
483 2409 593 2492 culpas
607 2410 742 2488 nutriat,
759 2410 834 2493 quia
847 2409 960 2474 multis
976 2410 1079 2474 modis
1094 2411 1251 2476 mentitur

247 2512 402 2596 iniquitas
418 2511 488 2576 sibi.

477 2801 527 2865 De
543 2800 807 2884 compositoribus
822 2801 1021 2866 cantionum.

293 2899 394 3001 XIII.
419 2937 484 3002 Qui
506 2936 541 2999 in
562 2936 794 3021 blasphemiam
817 2938 947 3001 alterius
969 2939 1094 3002 cantica
1123 2960 1250 3022 compo-

251 3040 362 3118 suerit,
382 3041 432 3103 vel
458 3040 513 3123 qui
536 3061 574 3103 ea
597 3041 782 3119 cantaverit,
803 3047 895 3105 extra
916 3041 1061 3105 ordinem
1078 3041 1251 3125 judicetur.

251 3144 340 3207 Nam
354 3144 405 3208 lex
420 3143 605 3228 hujusmodi
619 3144 763 3228 praecipit
778 3144 909 3208 exiliari.

564 3431 615 3495 De
630 3431 726 3496 modo
740 3432 942 3497 sacramenti.

297 3569 390 3633 XIV.
413 3569 520 3632 Omne
540 3575 776 3633 sacramentum
795 3569 831 3632 in
853 3570 994 3648 ecclesia,
1016 3575 1048 3634 et
1065 3591 1161 3654 super
1179 3569 1252 3634 reli-

255 3674 346 3756 quias
364 3674 502 3757 juretur.
551 3673 605 3737 Sic
627 3673 720 3736 iilum
744 3673 835 3737 Deus
860 3672 999 3758 adjuvet,
1020 3681 1053 3738 et
1076 3675 1123 3738 illi
1139 3674 1252 3754 sancti,

256 3798 394 3860 quorum
409 3784 486 3841 sunt
500 3777 571 3840 istae
586 3776 749 3859 reliquiae!

489 4064 539 4128 De
553 4063 686 4142 libertis,
702 4071 739 4127 ut
754 4085 822 4128 non
837 4065 902 4128 sint
917 4072 1026 4130 testes.

300 4201 374 4264 XV.
398 4199 550 4264 Libertus
579 4207 612 4264 et
640 4200 757 4265 liberta
785 4201 821 4264 in
851 4201 948 4265 nullis
976 4198 1114 4283 negotiis
1144 4203 1256 4261 contra

258 4325 442 4388 quenquam
464 4302 687 4367 testimonium
716 4302 822 4368 dicere
850 4304 1090 4387 permittantur,
1117 4288 1256 4382 erceptis

259 4408 322 4471 illis
336 4407 449 4484 causis,
464 4406 500 4470 in
522 4406 639 4490 quibus
657 4407 843 4490 ingenuitas
863 4407 997 4484 deesset,
1013 4405 1096 4469 sicut
1115 4403 1256 4488 praemis·

260 4533 332 4574 sum
347 4517 396 4575 est
416 4517 449 4575 et
466 4510 506 4574 de
526 4509 632 4586 servis,
649 4511 724 4594 quia
740 4509 913 4593 indignum
930 4517 1040 4574 nostra
1061 4514 1175 4594 pensat
1195 4507 1256 4570 ole-

261 4614 392 4692 mcntia,
412 4620 450 4677 ut
471 4613 661 4678 libertorum
684 4613 871 4679 testimonia
895 4613 1045 4696 ingenuis
1073 4613 1192 4678 damna
1207 4609 1257 4673 in-
