3259 5467
378 688 420 749 82
655 704 831 748 corisson
849 704 1113 749 1111111111111

744 1139 899 1204 SERMO
923 1139 1021 1202 VIII.

378 1316 381 1322 '
407 1312 547 1384 Qualiter
561 1311 613 1373 liic
626 1311 757 1386 vivatur,
775 1312 909 1393 qualiter
923 1308 1111 1389 inflatorum
1125 1312 1288 1374 uiuendum
1303 1314 1355 1375 eit.

426 1482 637 1559 Coomrnus,
653 1480 852 1545 dilectissimi
865 1481 990 1559 fratres,
1004 1480 1132 1545 assidue
1148 1481 1288 1563 qualiter
1302 1482 1386 1545 viva-

381 1605 453 1647 mus
476 1584 511 1646 in
534 1584 596 1648 hnc
621 1584 770 1667 praesenti
792 1584 869 1660 vita,
892 1584 1031 1667 qualiter
1051 1583 1166 1647 victuri
1189 1584 1291 1654 simus
1314 1591 1386 1668 post

380 1687 476 1770 hujus
494 1687 569 1750 vitae
588 1687 775 1751 terminum.
821 1686 1019 1751 Nullatenus
1039 1686 1148 1769 itaque
1167 1686 1316 1750 homines
1332 1709 1386 1770 pe-

379 1790 443 1853 rire
457 1797 601 1873 possunt,
617 1790 701 1854 sicut
721 1789 873 1853 animalia
890 1790 1015 1853 ratione
1034 1789 1186 1865 carentia,
1203 1789 1260 1852 sed
1280 1791 1385 1854 omnis

380 1893 478 1958 homo
500 1893 641 1963 animam
662 1892 761 1956 habet
781 1900 945 1970 aeternam,
962 1915 1034 1976 quae
1053 1892 1385 1976 judicabitursecun-

382 1997 459 2060 dum
475 2019 513 2060 ea
526 2018 599 2080 quae
614 1997 712 2079 gessit
726 1996 762 2059 in
784 2016 915 2078 corpore
938 1996 1002 2060 sive
1021 1995 1143 2059 bonum
1164 1997 1230 2060 sive
1250 1998 1384 2062 malum.

383 2101 476 2163 Salus
501 2108 550 2164 est
577 2101 664 2164 enim
687 2100 940 2182 uniuscujusque
967 2099 1030 2164 Dei
1055 2099 1185 2163 obedire
1210 2101 1384 2180 mandatis,

379 2202 529 2286 illiusque
543 2208 614 2266 tota
634 2202 815 2265 intentione
834 2222 959 2285 semper
978 2202 1082 2265 lacere
1101 2201 1313 2281 voluntatem,
1330 2204 1385 2287 qui

379 2306 448 2368 vult
478 2327 589 2368 omnes
612 2305 760 2370 homines
787 2305 890 2368 salvos
916 2305 985 2368 lieri
1014 2314 1047 2368 et
1077 2305 1242 2368 neminem
1267 2308 1383 2389 perire.

380 2410 522 2490 Ideoque
544 2414 617 2490 post
638 2408 791 2492 baptismi
813 2415 1051 2472 sacramentum
1074 2408 1250 2471 secundam
1280 2413 1382 2492 poeni-

380 2511 484 2574 tentid
504 2510 612 2593 posuit
631 2511 866 2592 purgationem,
882 2519 920 2573 ut
943 2511 1028 2573 mala
1050 2532 1121 2592 quae
1137 2517 1211 2593 post
1230 2511 1384 2594 baptismi

380 2614 577 2677 ablutionem
594 2613 728 2695 egimus,
739 2613 940 2696 poenitentiae
955 2613 1199 2676 medicamentis
1215 2624 1381 2678 sanentur.

379 2717 428 2780 Ut
444 2717 499 2799 qui
512 2715 601 2799 prius
615 2716 651 2779 in
665 2716 758 2779 mulis
773 2717 899 2781 actibus
913 2716 1044 2794 furimus,
1060 2722 1172 2798 postea
1187 2717 1334 2780 conversi
1348 2718 1381 2781 in

378 2818 471 2882 bonis
492 2818 640 2903 operibus
655 2818 797 2882 vivamus
805 2845 815 2897 3
840 2819 916 2902 quia
936 2841 1003 2881 non
1021 2819 1138 2882 sufficit
1153 2820 1382 2883 tantummodo

378 2921 464 2984 mula
478 2920 708 3004 derelinquere,
718 2921 781 2984 nisi
796 2920 895 2985 etiam
907 2943 982 2984 mox
997 2928 1031 2984 et
1045 2921 1131 2984 bona
1142 2942 1215 3003 quae
1226 2922 1382 2986 mandata

379 3031 455 3087 sunt
478 3024 570 3088 nobis
589 3023 753 3102 faciamus,
770 3024 898 3087 dicente
918 3024 1092 3107 propheta:
1115 3025 1244 3088 Diuerte
1264 3045 1284 3086 a
1299 3027 1380 3088 malo

377 3135 408 3191 el
420 3127 480 3208 fac
503 3129 620 3192 bouum.
666 3128 754 3191 Nam
774 3126 932 3209 superbiae
951 3127 1072 3190 malum
1086 3126 1280 3190 humilitatis
1295 3128 1381 3193 bono

376 3231 615 3295 immutandum
634 3239 692 3309 est,
708 3239 746 3293 ut
765 3230 820 3312 qui
839 3230 960 3294 fuimus
982 3251 1039 3313 per
1059 3229 1241 3312 superbiam
1261 3230 1380 3295 diaboli

377 3343 559 3414 sectatores,
582 3355 640 3418 per
668 3333 885 3397 humilitatem
915 3333 1015 3396 simus
1040 3332 1219 3396 imitatores
1246 3333 1377 3398 Christi.

285 3506 289 3513 x
377 3438 484 3519 Igitur
508 3459 566 3520 per
589 3437 771 3520 superbiam
800 3436 954 3518 angelicae
983 3443 1159 3518 potestates
1189 3436 1229 3500 de
1256 3437 1380 3501 coelesti

376 3540 561 3603 ceciderunt
572 3539 682 3621 gloria,
692 3562 749 3622 per
757 3540 975 3602 humilitatem
984 3560 1058 3602 vero
1068 3539 1188 3602 Christi
1198 3540 1379 3603 humanum

375 3663 477 3724 genus
505 3642 544 3704 ad
567 3642 728 3706 coelestem
752 3650 885 3706 vocatur
909 3641 1054 3724 gloriam.
1111 3642 1249 3705 initium
1274 3643 1378 3706 omnis

375 3743 497 3827 peccati
513 3744 661 3828 superbia
680 3754 820 3828 estque
838 3745 935 3808 homo
959 3745 1103 3827 despexit
1121 3745 1285 3808 mandatis
1305 3746 1378 3809 obe-

376 3848 444 3911 dire
460 3848 523 3911 Dei
537 3848 597 3910 sui.
642 3848 726 3912 Inde
740 3850 803 3912 fuit
818 3848 914 3911 ruina
935 3848 1030 3930 primi
1044 3848 1194 3923 hominis,
1212 3849 1288 3929 quia
1302 3870 1377 3912 con-

374 3951 483 4015 temsit
501 3950 654 4014 mandato
674 3951 804 4015 obedire
824 3952 975 4014 creatoris
994 3951 1062 4014 sui:
1087 3956 1119 4013 et
1139 3951 1166 4012 si
1184 3949 1239 4013 ille
1254 3951 1378 4033 primus

373 4054 470 4118 homo
484 4076 542 4138 per
556 4054 809 4118 inobedientiam
826 4054 866 4117 de
880 4054 1019 4137 paradisi
1036 4054 1156 4136 ejectus
1172 4060 1222 4116 est
1241 4055 1377 4135 gaudiis,

374 4180 432 4220 nos
456 4179 530 4222 vero
555 4180 613 4241 per
635 4158 852 4221 obedientium
875 4157 1101 4220 mandatorum
1125 4155 1189 4218 Dei
1213 4156 1254 4219 ad
1279 4157 1378 4221 vitam

373 4262 534 4326 valeamus
549 4262 714 4346 pervenire
729 4268 926 4343 perpetuam,
938 4259 1065 4322 dicente
1074 4259 1217 4321 Domino
1231 4259 1265 4321 in
1283 4281 1378 4323 evan-

374 4366 457 4448 gelio
475 4366 603 4430 cuidam
622 4385 655 4426 11
678 4363 903 4444 interroganti,
919 4363 1079 4445 quomodo
1096 4361 1197 4423 vitam
1220 4371 1379 4426 aeternam

372 4469 533 4553 possidere
547 4467 723 4551 potuisset:
740 4467 777 4529 si
791 4468 838 4528 vie
853 4467 949 4529 vitam
960 4466 1093 4548 ingredi,
1105 4485 1195 4528 seruc
1207 4467 1359 4529 mandale
1367 4492 1377 4539 ;

372 4581 405 4636 et
428 4572 463 4635 in
486 4571 537 4634 his
559 4570 722 4634 mandatis
747 4569 881 4633 Domini
905 4569 1082 4632 maximum
1105 4576 1154 4631 est
1179 4588 1215 4630 ac
1236 4568 1376 4651 justissi-
