3259 5467
597 725 637 767 ar
653 722 828 767 nasarius
845 720 1030 766 snauouns.
1268 704 1308 766 65

313 878 347 936 et
362 869 542 935 castitatem
556 862 619 930 illis
634 873 771 930 servent.
818 864 972 929 Similiter
986 870 1018 928 et
1032 863 1091 927 viri
1109 885 1223 928 uxores
1239 887 1311 930 suas

314 975 461 1057 diligant,
476 978 510 1036 et
532 971 713 1035 castitatem
736 990 833 1053 quam
854 968 902 1031 illi
923 974 1072 1052 quaerunt
1095 968 1135 1031 ab
1157 968 1310 1033 uxoribus

314 1078 390 1156 suis,
405 1076 526 1140 faciant
541 1074 588 1138 illi
603 1074 701 1158 prius,
716 1081 754 1136 ut
768 1072 897 1136 videant
913 1071 1058 1154 exempla
1071 1071 1200 1135 illorum
1214 1071 1309 1137 bona.

314 1182 475 1264 Pauperes
500 1200 574 1242 vero
597 1185 630 1241 et
655 1176 764 1240 miseri
786 1174 948 1260 gaudeant
969 1175 1004 1238 in
1031 1196 1089 1239 sua
1110 1184 1309 1260 paupertate,

314 1290 443 1368 sperent
469 1284 504 1346 in
528 1281 745 1345 misericordia
770 1279 843 1358 Dei,
868 1279 923 1361 qui
950 1279 1015 1342 ait:
1044 1280 1138 1342 Beati
1156 1301 1314 1362 pauperes

312 1387 595 1468 spirituquoniam
619 1386 756 1466 ipsorwa
778 1389 824 1446 est
845 1404 972 1465 regnam
994 1384 1146 1447 crebram.
1190 1384 1311 1449 Vivant

312 1491 348 1554 in
374 1490 522 1554 castitate
546 1497 579 1554 et
601 1489 637 1551 in
659 1486 723 1550 fide
745 1493 844 1565 recta,
869 1493 902 1550 et
927 1486 963 1549 in
987 1507 1042 1570 spe
1066 1493 1194 1551 aeternae
1217 1488 1312 1552 retri-

312 1593 466 1673 butionis,
481 1600 515 1657 et
528 1593 689 1677 patienter
707 1591 813 1654 ferant
833 1589 987 1669 miserias,
1002 1596 1040 1653 ut
1059 1591 1149 1660 Deus
1167 1592 1311 1674 omnipo-

312 1706 386 1762 tens
401 1697 555 1762 concedat
569 1696 632 1759 illis
647 1701 802 1759 aeternam
816 1693 1062 1757 beatitudinem.

355 1804 387 1864 3.
411 1799 595 1884 Presbyteri
617 1819 692 1862 vcro
716 1806 748 1862 et
772 1797 872 1861 totius
895 1797 998 1861 clerus
1019 1803 1138 1861 sanctae
1159 1799 1310 1878 ecclesiae,

312 1904 369 1986 qui
387 1904 424 1967 in
444 1903 571 1966 servitio
593 1901 655 1965 Dei
677 1909 762 1964 stare
784 1900 914 1978 debent,
939 1899 991 1962 die
1014 1907 1186 1983 noctuque,
1207 1902 1311 1965 omni-

312 2007 416 2071 modis
438 2003 766 2089 inreprehensibiliter
784 2004 893 2068 vivant
916 2025 1023 2066 coram
1045 2004 1258 2083 saecularibus,
1278 2013 1310 2070 et

311 2110 348 2173 in
377 2109 467 2174 omni
495 2110 575 2186 loco,
601 2114 640 2171 ut
663 2107 756 2172 bonis
784 2107 914 2170 illorum
944 2107 1096 2190 exemplis
1125 2107 1311 2172 erudiantur

312 2212 418 2277 multi.
463 2213 508 2276 Et
537 2212 579 2275 sit
607 2211 736 2276 illorum
765 2209 933 2275 meditatio
957 2211 993 2273 in
1018 2212 1089 2294 lege
1115 2211 1186 2289 Dei,
1212 2220 1245 2276 et
1274 2213 1314 2277 in,

314 2317 445 2380 servitio
458 2315 671 2379 ecclesiastico
686 2315 737 2379 die
751 2320 924 2397 noctuque.
947 2335 1014 2377 non
1030 2314 1094 2378 sint
1110 2315 1235 2394 ebriosi,
1250 2338 1310 2381 nco

315 2419 411 2496 avari,
420 2440 482 2483 nec
497 2418 622 2483 verbosi
636 2419 671 2480 in
686 2417 848 2495 conviviis,
857 2438 918 2480 nec
927 2417 1053 2481 divitias
1063 2418 1098 2481 in
1112 2419 1173 2483 hoc
1188 2421 1310 2487 mundo

315 2529 504 2605 quaerentes,
521 2522 576 2585 sed
595 2521 632 2585 in
653 2520 775 2585 coelesti
796 2541 897 2602 regno
919 2527 1075 2584 aeternum
1098 2522 1160 2587 sibi
1181 2525 1310 2588 thesau-

313 2645 387 2687 rum
412 2630 637 2709 praeparantes.
683 2623 866 2687 Ostendant
894 2623 1003 2706 itaque
1033 2625 1183 2690 omnibus
1207 2628 1310 2692 homi-

312 2728 409 2792 nihus
430 2727 524 2792 bonae
546 2726 795 2791 conversationis
815 2728 969 2810 exempla,
985 2734 1018 2791 et
1036 2728 1172 2794 doceant
1191 2733 1312 2816 populo·

313 2831 434 2896 Christi
447 2832 483 2895 in
497 2831 630 2894 veritate
645 2836 678 2894 et
692 2830 765 2906 fide,
780 2838 819 2893 ut
838 2851 912 2893 cum
933 2832 1104 2915 multiplici
1125 2842 1310 2900 sanctarum

312 2935 494 2998 animarum
516 2935 606 2998 lucro
632 2941 807 3017 appareant
832 2932 868 2996 in
893 2943 1067 3017 conspectu
1092 2937 1224 3001 Domini
1247 2940 1310 3004 Dei

312 3039 424 3117 nostri,
441 3046 474 3103 et
489 3039 659 3122 multiplici
672 3039 931 3103 remuneratione
946 3040 1036 3122 digni
1051 3041 1239 3106 efficiantur.

278 3131 282 3136 ’
355 3147 387 3206 4.
410 3142 640 3207 Adolescentes
662 3143 773 3225 itaque
799 3149 832 3206 et
858 3143 1003 3226 juniores
1029 3144 1094 3207 sint
1123 3143 1308 3211 obedientes

312 3246 491 3311 senioribus
511 3247 548 3310 in
570 3247 659 3310 omni
681 3246 828 3310 doctrina
849 3246 1015 3329 spirituali,
1038 3246 1121 3310 nihil
1142 3247 1210 3311 sine
1232 3270 1308 3314 con-

313 3350 384 3414 silio
403 3351 565 3414 seniorum
586 3356 728 3432 agentes.
775 3350 849 3413 Sint
872 3349 993 3413 subditi
1014 3349 1052 3413 in
1071 3350 1253 3417 humilitate
1275 3361 1309 3418 et

313 3452 505 3532 obedientia,
519 3459 557 3516 ut
573 3452 663 3536 digni
677 3452 857 3516 efficiantur
871 3453 1048 3517 secuudum
1062 3454 1165 3519 aetatis
1180 3461 1312 3541 tempus

314 3564 533 3640 opportunum
543 3556 726 3620 ministrare
735 3556 950 3620 ChristoDeo.
974 3558 1039 3622 Qui
1050 3557 1084 3620 in
1096 3559 1311 3626 adolescentia

313 3681 381 3723 non
394 3659 542 3733 ,didicero
558 3682 628 3743 quae
639 3659 725 3723 bona
736 3667 822 3737 sunt,
834 3659 993 3742 quomodo
1004 3660 1121 3726 habere
1133 3663 1183 3726 vel
1197 3664 1310 3728 docere

313 3762 433 3846 poterit
447 3762 482 3826 in
497 3764 686 3827 senectute?
725 3763 847 3826 Omnes
863 3763 950 3826 enim
964 3763 1093 3847 ubique,
1106 3765 1171 3829 sive
1186 3766 1309 3846 divites,

315 3867 381 3929 sive
402 3886 567 3948 pauperes,
584 3867 648 3929 sive
668 3865 819 3944 seniores,
836 3866 899 3929 sive
914 3866 1069 3950 jrmiores,
1090 3868 1154 3932 sive
1178 3869 1310 3949 domini,

315 3969 380 4032 sive
402 3969 492 4048 servi,
514 3969 578 4033 sive
598 3969 731 4052 praelati,
750 3968 815 4032 sive
838 3969 968 4048 subditi,
985 3971 1092 4034 Deum
1115 3971 1260 4055 diligant,
1277 3980 1310 4036 et

313 4072 400 4135 illius
421 4079 581 4155 praecepta
602 4072 784 4135 custodiant
807 4072 988 4156 diligenter.
1035 4075 1107 4138 Sint
1130 4096 1255 4138 veraces
1274 4075 1310 4138 in

315 4174 527 4253 sermonibus,
548 4175 629 4259 justi
651 4175 687 4238 in
712 4175 852 4258 judiciis,
876 4177 1096 4241 misericordes
1119 4178 1154 4241 in
1180 4178 1309 4260 pietate,

315 4277 444 4341 solliciti
457 4278 494 4340 in
509 4278 647 4356 servitio,
656 4278 795 4342 humiles
809 4279 845 4342 in
860 4281 1012 4358 moribus,
1023 4280 1181 4364 patientes
1197 4289 1310 4346 contra

316 4402 427 4446 omnes
443 4381 649 4446 adversitates
669 4389 702 4446 et
721 4383 819 4446 fidem
841 4390 962 4447 rectam
981 4391 1013 4448 et
1032 4383 1221 4448 catholicam
1240 4385 1310 4448 dili-

318 4492 431 4566 genter
460 4484 595 4564 discant,
621 4483 763 4550 viventes
788 4486 824 4549 in
852 4487 915 4550 fide
944 4493 977 4550 et
1003 4509 1058 4570 spe
1083 4499 1115 4550 et
1145 4486 1311 4551 charitate.

318 4587 448 4672 Jejunia
468 4588 596 4672 publica
617 4588 653 4652 in
674 4589 822 4654 castitate
842 4590 1034 4671 custodiant,
1050 4598 1083 4655 et
1105 4591 1313 4675 eleemosynis
