3259 5467
313 689 379 751 220
594 707 688 750 uorn
703 705 744 748 nr
760 705 877 749 vanna
894 705 1087 750 anemonas.

316 869 388 910 nus.
434 847 522 911 Nam
537 846 563 911 si
579 846 758 911 secundum
772 853 915 910 veterem
929 847 1204 930 orthographiam,
1221 847 1320 910 bina

318 956 473 1029 mutetur,
488 949 680 1014 habebimus
699 949 750 1014 vel
768 949 894 1015 Vainar
912 951 963 1014 vel
982 950 1119 1029 Varbar,
1135 974 1210 1035 quae
1228 949 1320 1014 hodie

320 1053 473 1137 Varburg
495 1053 573 1117 olim
598 1051 763 1136 Buriburg
789 1059 847 1117 aut
876 1052 1048 1137 Buraburg
1071 1075 1121 1139 ep.
1149 1053 1321 1118 CXXXII.

319 1155 463 1239 Ideoque
481 1163 514 1221 et
533 1156 568 1220 in
588 1155 651 1220 alio
672 1155 781 1221 codice
800 1155 952 1221 scribitur
972 1156 1113 1222 ecclesiae
1127 1157 1321 1240 Birburgen-

320 1259 391 1322 sis.”
405 1260 459 1323 W.

364 1364 425 1447 Ep.
441 1367 494 1443 53,
509 1385 540 1447 p.
558 1365 632 1441 115,
646 1363 669 1424 l.
686 1365 729 1426 10
743 1383 781 1427 eo
796 1371 830 1427 et
846 1384 971 1427 a-om.
988 1362 1025 1427 P.
1039 1399 1065 1427 =

365 1467 426 1550 Ep.
444 1470 496 1545 54,
513 1466 623 1550 Hujus
639 1464 781 1549 epistolae
796 1465 870 1530 duae
889 1465 1046 1530 editiones
1064 1465 1219 1531 videntur
1237 1485 1321 1530 esse:

321 1569 378 1632 sed
393 1570 454 1634 etsi
467 1570 565 1635 verba
578 1569 719 1632 multum
735 1568 900 1647 differunt,
916 1590 1029 1633 sensus
1042 1569 1131 1634 idem
1146 1575 1206 1633 est.
1247 1569 1322 1632 Om-

319 1672 375 1736 nia
388 1674 475 1737 inter
488 1675 525 1736 id
537 1679 583 1736 est
596 1679 632 1736 at
651 1671 696 1756 [p.
708 1672 817 1751 115,1.
829 1672 897 1756 28.]
918 1679 952 1736 ct
966 1675 1075 1736 bonnm
1094 1673 1141 1757 [p.
1153 1673 1262 1751 116,1.
1274 1670 1318 1753 1.]

319 1776 398 1840 item
420 1778 529 1841 omnia
549 1776 636 1840 inter
656 1775 757 1859 possit
784 1775 830 1860 [p.
848 1776 958 1854 116,1.
974 1777 1043 1860 30.]
1063 1783 1096 1840 et
1118 1776 1262 1841 officium
1288 1775 1321 1858 [I.

319 1879 389 1966 35.]
406 1903 469 1945 om.
485 1881 538 1944 W.
554 1879 589 1942 in
609 1886 720 1944 textu:
743 1879 800 1943 sed
819 1878 919 1944 habet
936 1878 973 1943 in
992 1879 1149 1964 margine.
1162 1901 1234 1962 =p.
1251 1880 1322 1954 117,

320 1983 592 2048 l.281ndictione
608 1983 649 2046 X.
663 1982 822 2046 “Harum
836 1982 1019 2047 litterarum
1032 1981 1238 2066 subscriptio,
1253 2001 1322 2064 quae

320 2086 409 2150 deest
431 2087 517 2170 apud
541 2086 704 2149 Serarium
724 2106 880 2168 magnam
901 2085 1025 2169 patitur
1046 2085 1272 2151 difficultatem
1292 2091 1323 2147 et

319 2193 413 2256 variis
428 2193 532 2256 modis
552 2191 637 2275 apud
657 2190 735 2255 ahos
756 2198 902 2255 auctores
922 2191 1065 2256 effertur.
1108 2190 1210 2274 Apud
1225 2189 1322 2253 Baro·

318 2295 411 2359 nium
440 2317 532 2359 num.
552 2294 633 2358 VII.
652 2293 703 2357 his
728 2291 833 2357 verbis
857 2293 1064 2377 exprimitur:
1096 2295 1186 2359 Data
1208 2294 1322 2357 decima

319 2398 480 2462 Kalendas
500 2399 580 2462 Jnlii
600 2399 771 2478 imperante
793 2397 926 2460 Domino
947 2397 1127 2461 Artabasdo
1152 2403 1211 2462 eta.
1256 2395 1323 2460 Ubi

319 2502 478 2565 Baronius
493 2501 528 2565 in
543 2501 689 2583 margine
708 2499 845 2582 reponit,
862 2500 995 2580 decima,
1010 2507 1044 2566 et
1063 2501 1100 2564 in
1114 2500 1323 2564 mimeram

319 2604 364 2665 ad
383 2605 510 2666 Snrinm
531 2606 564 2667 in
585 2605 651 2667 nita
673 2601 832 2684 Bonifatii
854 2604 898 2666 ad
921 2604 1002 2667 diem
1029 2605 1065 2668 V.
1088 2605 1161 2667 Jaa.
1185 2609 1321 2687 unaque

317 2706 447 2787 legitur.
507 2707 605 2789 Apud
627 2706 809 2771 Antonium
832 2705 872 2770 de
893 2706 1025 2790 Aquino
1046 2707 1082 2771 Τ.
1106 2704 1151 2770 Π.
1174 2706 1321 2790 Episcop.

318 2808 447 2872 Decret.
457 2808 613 2873 habetur:
636 2809 718 2872 Dat.
733 2809 776 2871 X.
791 2808 926 2873 Kalend.
937 2810 1001 2873 Jnl.
1013 2810 1087 2891 imp.
1099 2810 1191 2873 Dam.
1204 2810 1322 2872 Artho-

320 2913 415 2975 vasda
436 2933 456 2974 a
477 2914 544 2976 Deo
567 2917 712 2976 coronata
734 2932 845 2994 mapno
867 2914 945 2994 Imp.
962 2933 1012 2976 an.
1028 2913 1091 2977 III.
1106 2918 1175 2994 pat.
1191 2913 1258 2996 ejas
1272 2933 1320 2976 an.

319 3016 380 3081 III.
397 3017 454 3080 sed
466 3023 496 3080 et
510 3016 685 3097 Nieepdom
700 3036 810 3098 mapno
825 3017 899 3097 imp.
915 3036 996 3080 anno
1014 3016 1076 3080 III.
1091 3016 1266 3081 Indictione
1279 3017 1319 3080 X.

321 3119 459 3202 denique
483 3118 673 3182 Sirmondus
702 3118 786 3181 hanc
812 3117 1080 3202 subscriptionem
1105 3118 1151 3183 sic
1174 3119 1319 3184 exbibet:

320 3224 410 3286 Data
421 3224 463 3286 X.
475 3222 550 3285 Kal.
562 3223 675 3299 Junci,
690 3223 862 3302 imperante
875 3222 996 3285 Damno
1010 3221 1201 3301 Artaaaedo,
1217 3243 1239 3285 a
1252 3223 1322 3286 Dea

319 3332 465 3389 coronato
476 3345 587 3408 maprno
597 3324 789 3404 imperatore
799 3343 880 3386 anna
895 3324 956 3387 III.
963 3329 1038 3404 port
1052 3325 1246 3389 amusan
1259 3327 1322 3408 ejas

319 3449 400 3490 anno
410 3429 472 3492 III.
484 3428 542 3491 sed
553 3439 583 3492 et
594 3427 769 3508 Maepham
783 3447 895 3509 nsapno
905 3426 1097 3508 Imperatore
1106 3446 1188 3491 anno
1202 3429 1265 3492 ΠΙ.
1277 3430 1321 3492 in-

320 3531 453 3593 dictione
475 3531 553 3593 XII.
570 3552 641 3614 quae
667 3553 687 3593 a
711 3530 850 3594 Kalend.
877 3529 1057 3613 Septembr.
1083 3530 1182 3615 hujus
1203 3530 1322 3595 Christi

320 3632 399 3694 anni
421 3632 661 3716 (DCCXLIII.)
682 3632 813 3696 initium
837 3631 943 3696 sumit.
989 3631 1109 3699 Dedin
1124 3633 1321 3698 conveniunt

320 3753 442 3812 omnes,
458 3734 514 3817 qui
535 3741 646 3798 tamen
668 3735 821 3799 mendose
843 3733 1021 3817 descriptus
1043 3741 1103 3814 est,
1116 3740 1157 3801 ut
1178 3756 1254 3801 mox
1268 3734 1322 3800 de-

318 3835 569 3901 monstrabimus
577 3862 587 3915 3
610 3837 807 3901 conveniunt
829 3836 917 3901 etde
934 3858 1021 3902 anno
1035 3837 1134 3903 tertio
1147 3836 1321 3902 Artabasdi

318 3947 352 4003 et
377 3933 553 4023 Nicephori
578 3942 820 4024 Augustorum:
859 3939 916 4005 sed
945 3961 1020 4005 oum
1048 3946 1187 4024 uterque
1212 3961 1322 4006 mense

318 4043 496 4107 Novembri
510 4043 668 4108 currentis
684 4043 806 4108 Christi
821 4045 900 4108 anni
915 4043 994 4108 solio
1009 4043 1200 4111 exturbatus
1213 4041 1320 4122 faerit,

317 4153 351 4210 et
366 4147 569 4230 Nicephorus
584 4147 669 4210 circa
684 4147 823 4210 Kalend.
840 4147 946 4211 Maias
961 4147 1058 4232 hujus
1073 4145 1197 4213 Christi
1211 4146 1290 4211 anni
1303 4167 1323 4211 a

316 4258 407 4333 patre
422 4255 594 4314 coronatus
609 4249 660 4327 sit,
676 4271 744 4313 non
758 4249 905 4329 dubium,
922 4249 1002 4333 quin
1016 4249 1099 4329 loco,
1114 4250 1172 4315 aad
1183 4255 1215 4314 et
1229 4251 1321 4314 Naan-

309 4355 411 4434 pdoro
430 4373 541 4435 mapno
563 4342 748 4434 imperatore
771 4372 851 4416 anna
873 4353 935 4415 III.
950 4351 1126 4434 legendum
1148 4353 1202 4433 sit,
1216 4353 1274 4419 aad
1292 4357 1322 4416 et

315 4455 491 4536 Nicephora
506 4475 617 4538 maprm
632 4455 818 4536 imperatore
833 4475 912 4518 anno
927 4455 954 4518 I.
985 4455 1103 4519 Annus
1117 4455 1236 4520 tertius
1250 4459 1320 4539 post

315 4558 519 4620 consulatum
539 4556 714 4622 Artabasdi
736 4564 823 4621 recte
846 4579 921 4621 cum
943 4578 1030 4621 anno
1051 4557 1150 4623 tertio
1171 4557 1241 4641 eJus
1261 4557 1319 4622 im-
