3259 5467
316 679 360 743 54
639 697 829 743 anuourrro
845 696 989 740 ranvra

314 864 401 908 mam
422 862 566 907 reversus
587 847 625 906 ut
644 862 811 926 prosperos
830 841 976 906 laborum
997 860 1129 906 suorum
1148 862 1309 908 successus

316 962 473 1048 Gregorio
504 963 563 1026 III
596 967 778 1045 exponeret,
808 961 952 1045 pontifex
984 961 1091 1045 ipsum
1127 961 1309 1046 episcopum

314 1083 499 1150 ordinatum
514 1103 551 1147 ac
568 1081 656 1166 pallii
672 1081 794 1145 honore
815 1080 1010 1160 decoratum,
1026 1103 1101 1147 oum
1118 1082 1221 1166 legati
1238 1104 1308 1166 apo-

315 1203 419 1269 stolici
442 1201 631 1268 auctoritate
656 1200 693 1264 in
717 1200 925 1287 Germaniam
949 1201 1083 1267 remisit.
1131 1205 1182 1268 Ea
1209 1204 1309 1269 fretus

314 1322 509 1402 Bonifacius,
525 1320 696 1386 accedente
719 1341 833 1404 regum
854 1323 1052 1386 Francorum
1069 1323 1184 1406 gratia,
1205 1323 1309 1388 Chris-

314 1442 436 1508 tianam
450 1443 548 1506 fidem
561 1441 625 1504 illis
638 1441 674 1505 in
688 1441 833 1524 partibus
856 1441 936 1506 adeo
957 1442 1123 1525 promovit,
1138 1449 1178 1508 ut
1198 1443 1309 1508 infide-

313 1563 394 1626 lium
422 1569 553 1626 centum
582 1561 623 1625 ad
651 1561 759 1624 minus
788 1561 889 1624 millia
918 1562 1014 1625 sacris
1043 1562 1138 1626 undis
1168 1563 1308 1628 tinxerit.

314 1682 428 1747 Varios
443 1682 640 1767 episcopatus
659 1681 695 1744 iu
711 1681 885 1769 Germania
902 1682 1012 1761 erexit,
1028 1682 1201 1767 sedemque
1220 1706 1309 1748 suam

314 1803 496 1886 Moguntiae
517 1802 596 1866 fixit.
641 1800 848 1884 Tandemque
872 1802 983 1865 multis
1008 1802 1198 1886 perfunctus
1223 1803 1307 1869 labo-

314 1923 413 2003 ribus,
428 1923 582 2008 martyrio
596 1927 767 1986 coronatus
783 1927 832 1986 est
847 1943 932 1986 anno
948 1924 1012 1987 754
1026 1923 1120 1987 nonis
1136 1923 1158 1987 J
1158 1923 1239 1988 unii.

359 2043 493 2127 Scripsit
516 2041 683 2126 egregium
706 2041 914 2126 epistolarum
935 2041 1068 2122 librum,'
1083 2064 1179 2127 quem
1202 2044 1307 2110 Serra-

314 2162 381 2226 rius
397 2163 565 2228 Societatis
580 2163 602 2227 J
603 2183 661 2227 esu
673 2162 841 2248 presbyter
861 2161 1006 2227 eruditus
1022 2162 1207 2246 Moguntiae
1226 2165 1308 2228 evul-

315 2281 412 2365 gavit.
458 2278 593 2364 Scripsit
612 2286 646 2345 et
663 2279 772 2364 plures
787 2286 971 2345 sanctorum
987 2281 1078 2361 vitas,
1093 2282 1121 2346 si
1135 2282 1310 2348 Tnthemio

314 2400 492 2477 credimus3
514 2406 550 2464 at
570 2401 671 2464 vitam
694 2401 727 2464 S.
743 2400 851 2465 Livini
872 2402 1033 2486 martyris,
1052 2423 1149 2486 quam
1166 2404 1199 2467 ei
1216 2405 1309 2487 vulgo

315 2520 508 2600 attribuunt,
521 2519 584 2604 ipsi
598 2519 761 2604 abjudicat
775 2520 996 2586 Mabillouius.
1040 2522 1121 2607 Ejus
1138 2522 1260 2588 librum
1273 2525 1310 2587 dc

313 2661 388 2705 ocra
400 2647 432 2704 et
446 2638 597 2704 catholica
609 2639 677 2722 fide
697 2640 808 2706 laudat
830 2637 999 2707 Zacharias
1017 2664 1100 2727 papa
1118 2643 1155 2707 in
1177 2643 1310 2727 epistola

315 2761 357 2824 ad
384 2761 492 2845 ipsum
518 2761 699 2844 conscripta
722 2761 808 2844 apud
834 2761 1014 2828 Othlonum
1042 2762 1098 2827 lib.
1122 2766 1155 2828 3.
1183 2785 1253 2848 cap.
1278 2767 1309 2831 a.

312 2881 412 2945 Porro
444 2886 611 2965 sequentes
649 2901 812 2945 sermones
846 2880 911 2946 XV
943 2903 982 2947 ex
1011 2903 1071 2946 ms.
1095 2883 1309 2948 ,illustrissimi

314 3001 458 3066 Francia
469 3000 651 3073 cancellarii
664 2999 788 3066 domini
802 3003 1011 3086 Daguesseau
1021 2997 1104 3068 'ante
1122 3026 1228 3069 annos
1244 3007 1311 3068 800

314 3123 442 3186 marato
465 3120 699 3206 descripsimus
752 3121 803 3185 Ex
826 3122 877 3186 his
901 3123 1011 3188 decem
1035 3123 1157 3206 primos
1184 3131 1310 3189 eruerat

314 3241 524 3308 Mabillonius
542 3263 581 3306 ex
599 3263 675 3306 mss.
691 3241 818 3306 duobus
835 3243 957 3327 reginae
980 3243 1101 3308 Sueciae
1119 3265 1154 3307 u.
1172 3247 1259 3310 1302
1278 3251 1310 3308 et

315 3364 409 3442 1335,
426 3361 617 3445 quibuscum
632 3361 705 3426 illos
721 3362 927 3442 contulimus,
942 3362 1104 3427 decimum
1121 3362 1275 3446 quintum
1290 3381 1310 3428 ι·

313 3487 425 3546 nostro
435 3481 600 3556 Bernardo
611 3481 707 3546 Penio
720 3481 902 3547 habuimus.
933 3483 1055 3548 Omnes
1066 3483 1193 3568 spirant
1206 3484 1310 3549 virum

313 3621 386 3673 vere
408 3600 627 3684 apostolicum,
643 3601 698 3684 qui
722 3602 900 3688 neophytos
925 3625 999 3668 suos
1020 3602 1096 3668 fidei
1117 3602 1310 3668 rudimentis

312 3721 467 3786 familiari.
474 3720 634 3804 colloquio
648 3721 689 3787 ad
702 3721 804 3788 bonos
819 3744 923 3789 mores
940 3723 1104 3788 informat.
1148 3723 1223 3790 Etsi
1236 3743 1310 3798 vero

314 3841 450 3927 simplici
472 3840 547 3906 stilo
566 3836 741 3927 conscripti
765 3843 842 3925 sint,
865 3844 1146 3930 grammaticaque
1165 3843 1255 3928 leges
1275 3844 1310 3907 in

313 3961 364 4025 eis-
374 3960 546 4044 aliquando
557 3969 762 4046 spernantur,
777 3984 846 4028 non
864 3963 937 4028 ideo
954 3962 1196 4044 contemnendi,
1211 3964 1310 4028 immo

313 4081 454 4147 maximo
468 4088 545 4146 sunt
558 4081 700 4147 habendi
711 4083 749 4147 in
762 4084 877 4167 pretio.
918 4082 1085 4168 Quidquid
1098 4083 1187 4149 enim
1202 4105 1224 4148 a
1235 4083 1310 4148 viris

313 4201 493 4286 apostolicis
517 4202 736 4286 proficiscitsn,
763 4204 853 4268 oumi
876 4225 955 4269 auro
978 4204 1082 4268 carius
1103 4203 1309 4268 retinendum

313 4328 373 4386 ert
417 4321 577 4387 Barbaros
597 4323 731 4406 populos
755 4323 938 4389 instruebat
961 4324 995 4389 S.
1011 4323 1209 4404 Bonifacius,
1230 4345 1308 4409 quos

312 4442 411 4510 etiam
424 4440 559 4507 barbare
573 4443 692 4526 alloqui
712 4445 904 4529 quandoque
926 4445 1111 4528 cogebatur.
1156 4445 1308 4510 Ceterum

312 4557 380 4632 non
394 4586 506 4650 parum
522 4564 666 4629 conferre
680 4571 815 4647 possunt
831 4565 872 4629 ad
886 4586 991 4630 mores
1008 4587 1076 4630 non
1090 4566 1198 4630 solum
1211 4565 1307 4630 infor·
