3259 5467
320 661 384 723 120
468 679 646 724 sourracn
664 678 929 750 sscurnrrscorr
947 677 987 719 ur
1004 675 1177 720 usuarius

315 820 389 883 bilis
423 819 575 903 splendor
608 818 711 882 nimia
743 817 909 881 odoriferae
943 815 1109 880 suavitatis
1141 810 1315 896 fragrantil

316 932 423 988 totum
446 923 528 987 illud
552 923 660 1005 regale
685 920 890 1004 perlustravit
913 918 1069 1004 palatium
1095 939 1198 1001 usque
1224 937 1317 980 mane

315 1025 553 1089 irreverberatis
588 1024 685 1088 radiis
718 1030 899 1107 protensus.
960 1021 1074 1085 Infans
1108 1041 1194 1098 vero,
1225 1041 1318 1102 quern

315 1128 411 1192 beata
425 1135 529 1193 mater
550 1135 630 1192 tunc
652 1128 735 1191 forte
758 1126 906 1210 gestabat
929 1126 965 1188 iu
990 1133 1084 1189 utero
1104 1125 1174 1208 jam
1196 1123 1318 1187 vivifico

315 1231 396 1295 flatu
410 1230 591 1308 irradiatus,
607 1228 779 1293 mobilibus
800 1227 973 1292 subsistere
994 1226 1090 1310 coepit
1105 1224 1271 1303 membris,
1287 1231 1319 1287 et

318 1335 368 1416 (ut
398 1339 485 1397 certe
514 1332 663 1414 credatis)
695 1352 843 1416 supernae
874 1329 1064 1395 visitationis
1094 1327 1320 1412 gratulabatur

314 1437 523 1520 respectibus.

359 1540 451 1602 Tunc
479 1537 706 1621 magnanimus
741 1538 817 1601 Dux
851 1535 1037 1619 Theagnius
1066 1541 1099 1599 et
1128 1532 1319 1598 venerabilis

316 1650 465 1706 matrona
478 1641 641 1724 Agalunia
655 1640 840 1723 hujusmodi
860 1639 1011 1704 aromatis
1030 1637 1163 1702 raritate
1179 1636 1320 1713 attoniti,

312 1745 382 1828 jam
404 1766 519 1808 aurora
540 1744 688 1808 radiante
711 1744 820 1808 venire
844 1743 886 1812 ad
909 1764 943 1806 se
966 1743 1113 1806 fecenmt
1138 1740 1320 1804 Dominum

316 1847 539 1911 Menalchium
561 1868 751 1931 germanum
773 1847 874 1931 ipsius
896 1846 1007 1924 Ducis,
1024 1845 1079 1929 qui
1100 1851 1182 1908 tunc
1204 1843 1319 1907 Archi·

315 1951 521 2034 pontificatus
539 1951 613 2034 jura
633 1950 776 2034 regebat,
795 1951 901 2014 virum
922 1949 1121 2034 probabilem
1144 1954 1177 2012 et
1201 1946 1320 2010 sancti·

316 2055 434 2119 moniae
463 2054 661 2119 sublimitate
691 2055 867 2138 egregium,
891 2053 985 2138 eique
1010 2052 1095 2117 tanti
1119 2051 1245 2134 negotii
1270 2071 1320 2114 res

316 2158 488 2242 diligenter
502 2158 699 2240 expandunt.
745 2158 812 2224 Qui
829 2157 967 2242 Spiritus
982 2155 1085 2220 sancti
1099 2154 1206 2238 gratia
1220 2155 1319 2239 inspi-

315 2267 416 2341 ratus,
430 2261 597 2346 respondit
619 2263 827 2326 altrinsecus:
852 2261 933 2326 Haec
952 2260 1032 2324 visio
1046 2259 1201 2323 divinitus
1215 2259 1319 2323 mani-

315 2364 407 2442 festa,
422 2386 491 2428 non
506 2364 609 2427 solum
625 2364 831 2428 exultationis
845 2370 964 2428 nostrae
981 2361 1117 2426 materia
1131 2371 1191 2440 est,
1207 2383 1320 2426 verum

316 2467 415 2531 etiam
430 2467 607 2530 multarum
627 2468 795 2531 nationum
817 2466 968 2551 gentibus
983 2466 1138 2549 gaudium
1153 2466 1226 2545 erit,
1242 2487 1319 2550 quo·

315 2569 405 2633 niam
424 2591 514 2653 puer,
531 2570 602 2633 Deo
624 2570 776 2649 donante,
792 2577 944 2635 nascetur
965 2570 1065 2648 vobis,
1077 2570 1147 2654 jam
1168 2570 1205 2633 in
1227 2578 1319 2635 utero

315 2671 428 2734 matris
444 2672 672 2751 sanctificatus,
689 2679 722 2736 et
737 2673 895 2756 spirituali
910 2673 993 2736 lacte
1007 2673 1157 2752 refectus,
1173 2693 1320 2737 summus

316 2774 476 2853 Pontifex,
492 2781 525 2838 et
540 2775 672 2839 lucerna
691 2777 812 2859 patriae,
829 2781 863 2839 et
882 2775 1161 2840 constantissimus
1179 2797 1318 2860 propug-

314 2884 411 2942 nator
436 2878 516 2961 legis
542 2878 657 2942 divinae
685 2879 810 2963 populis
840 2879 904 2942 Dei
932 2886 981 2943 est
1010 2879 1140 2943 futurus
1168 2878 1206 2943 in
1235 2879 1319 2942 viam

315 2981 427 3044 salutis
454 2988 592 3046 aeternae.
638 2981 851 3046 Venerandus
875 2982 993 3047 natalis
1016 3004 1092 3046 cum
1117 2982 1229 3046 aderat
1256 3004 1318 3067 quo

315 3083 490 3148 clarissima
507 3085 657 3168 genitrix,
674 3091 707 3148 et
727 3078 858 3149 nomine
879 3085 977 3169 digna
996 3084 1160 3169 Agalunia
1180 3107 1319 3170 superna

314 3186 496 3252 visitatione
510 3189 705 3272 perlustrata
719 3187 927 3252 benedictum
941 3188 1029 3253 hunc
1043 3189 1167 3253 mundo
1182 3189 1318 3273 protulit

313 3297 453 3373 partum,
470 3311 581 3355 omnes
596 3291 736 3374 regionis
750 3290 837 3355 illius
854 3291 975 3357 incolas
990 3298 1084 3356 tanta
1097 3291 1189 3357 mirae
1200 3294 1317 3377 jucun-

315 3393 425 3457 ditatis
444 3394 562 3476 gaudia
581 3394 742 3477 attigerat,
758 3400 791 3459 et
811 3401 880 3459 tam
899 3395 1058 3460 immensa
1077 3395 1235 3460 serenitas
1255 3398 1317 3465 cla·

314 3496 448 3560 rissimis
463 3496 593 3576 solibus,
609 3498 712 3580 iisque
727 3499 769 3562 ad
784 3505 934 3563 exactum
949 3521 1095 3565 mensem
1113 3498 1315 3578 inclaruerat,

315 3604 353 3663 ut
372 3599 481 3662 cuncti
503 3600 748 3680 admirarentur,
764 3609 798 3667 et
820 3609 889 3667 tam
910 3625 1103 3686 magnorum
1126 3604 1317 3688 gaudiomm

315 3707 546 3784 tantarumque
564 3704 774 3769 serenitatum
793 3705 983 3771 instantiam
1004 3728 1065 3770 nec
1084 3707 1120 3770 in
1139 3708 1315 3772 vetustissi-

315 3803 377 3869 mis
402 3804 516 3887 legisse
545 3807 633 3890 (quid
663 3808 799 3872 dicimus
829 3831 889 3874 nec
920 3810 960 3873 ab
990 3809 1199 3893 antiquorum
1226 3809 1316 3875 dictis

315 3910 451 3974 Patrum
466 3932 499 3974 se
520 3912 688 3996 audivisse)
705 3914 902 3979 fatebantur.
947 3915 1071 3978 Eodem
1092 3935 1221 3998 quoque
1236 3922 1316 3978 tem-

313 4035 390 4098 pore
411 4014 532 4078 Beatus
551 4017 754 4098 Augustinus
775 4018 900 4084 eximiae
919 4018 1099 4083 sanctitatis
1122 4019 1221 4082 Pater
1239 4041 1258 4083 a
1277 4019 1315 4082 B.

316 4118 472 4202 Gregorio
493 4120 648 4184 Romanae
668 4121 752 4184 sedis
767 4122 952 4204 Apostolico
973 4122 1131 4186 Pontifice
1150 4122 1315 4186 transmis-

314 4242 368 4285 sus
392 4223 649 4305 Angligenarum
674 4225 798 4308 primus
821 4226 978 4305 AntisteS,
1004 4235 1036 4289 et
1061 4225 1317 4308 splendidissima

314 4345 448 4388 summae
471 4327 614 4391 veritatis
640 4328 773 4391 lucerna
799 4329 848 4391 sui
875 4330 972 4393 causd
997 4329 1120 4412 negotii
1145 4329 1256 4393 divina
1279 4336 1316 4393 ut

313 4427 507 4510 intelligitur
536 4430 737 4513 providentia
768 4416 1045 4508 subministrante,
1076 4433 1117 4496 ad
1146 4433 1316 4516 praesatum

315 4532 439 4613 Regem
455 4531 689 4616 Calomagnum
709 4544 913 4615 convenerat,
930 4543 962 4600 et
978 4537 1046 4620 ipse
1060 4544 1162 4600 tantae
1177 4536 1315 4601 raritatis
