3259 5467
314 670 376 736 136
453 686 630 733 nourrscrr
648 683 911 730 sacnrarrscorr
928 683 1161 730 urusarrrus

312 857 402 920 gens.
434 835 610 899 Credentes
623 853 709 911 vero,
724 830 812 895 utin
827 829 920 895 bonis
934 837 1175 914 perseverarent
1190 830 1310 896 actibus

312 939 490 1017 admonuit,
527 957 690 1022 perversos
724 935 818 1000 corde
852 941 885 999 et
918 934 1110 1014 incredulos,
1144 935 1311 1000 roboratus

314 1042 438 1125 Spiritu
466 1048 587 1119 sancto,
617 1037 803 1123 increpabat
833 1037 999 1102 attentius.
1059 1039 1210 1123 Denique
1240 1060 1312 1103 cum

313 1145 429 1210 divinis
442 1144 503 1229 piis
521 1141 755 1207 eruditionibus
770 1140 913 1224 quotidie
930 1140 1102 1220 insisteret,
1119 1141 1313 1226 sempiterna

314 1248 432 1332 gaudia
456 1245 677 1331 praenuntians
706 1245 827 1322 Beatis,
854 1252 975 1308 aeterna
1003 1265 1130 1328 quoque
1159 1243 1314 1328 supplicia

312 1351 446 1429 miseris,
460 1350 569 1413 fideles
585 1349 703 1432 quique
719 1347 815 1411 alacri
830 1347 925 1411 corde
940 1347 1092 1412 salutaria
1105 1348 1176 1431 ejus
1191 1347 1314 1411 monita

315 1455 473 1540 capaciter
488 1460 707 1537 susceperunt,
718 1451 878 1516 increduli
889 1452 1123 1516 contumaciter
1136 1453 1313 1517 renitentes

314 1560 474 1636 dixerunt,
495 1558 583 1621 hunc
604 1556 835 1639 Evangelioum
858 1555 1089 1639 disputatorem
1111 1556 1261 1619 fallacem
1282 1562 1314 1619 et

315 1663 514 1727 seductorem
535 1681 613 1739 esse,
634 1681 701 1724 non
720 1680 778 1742 pro
799 1658 902 1723 salute
922 1659 1102 1723 animarum
1121 1658 1313 1740 invigilasse,

315 1765 371 1830 sed
386 1786 493 1829 amore
512 1762 633 1827 terreni
651 1763 733 1827 lucri
749 1762 897 1846 regiones
918 1742 1086 1826 nationum
1106 1760 1267 1840 circuisse,
1282 1769 1314 1825 et

315 1891 390 1933 eum
406 1867 533 1951 dignius
548 1887 617 1930 esse
631 1865 834 1930 contumeliis
854 1865 937 1929 affici
952 1873 1008 1929 aut
1023 1865 1155 1944 exiliari,
1171 1872 1230 1929 aut
1244 1886 1315 1929 oru-

316 1972 430 2036 deliter
455 1970 573 2048 necari,
597 1990 694 2053 quam
720 1970 790 2053 ejus
813 1968 1028 2053 obtemperari
1052 1968 1217 2033 doctrinis.
1274 1969 1316 2032 In

314 2077 377 2140 hoc
397 2073 609 2158 malignitatis
631 2093 737 2137 errore
762 2072 970 2156 pertinaciter
991 2078 1240 2155 perseverantes,
1263 2071 1315 2135 alii

316 2187 464 2243 sanctum
478 2178 541 2242 Dei
556 2177 737 2260 Martyrem
751 2175 928 2258 plumbatis
939 2176 1080 2240 cestibus
1094 2175 1313 2259 plagaverunt,

317 2283 371 2345 alii
391 2280 530 2345 fustibus
552 2279 726 2362 multisque
741 2279 868 2363 injuriis
889 2278 1122 2343 debacchantes
1137 2299 1315 2343 macerave-

316 2390 404 2448 runt.
449 2385 542 2447 Inter
555 2384 614 2447 hos
629 2405 714 2446 unus
731 2403 843 2446 eorum
857 2382 1044 2446 Walbertus
1059 2382 1174 2460 dictus
1186 2380 1314 2445 Diaboli

316 2486 475 2549 instinctu
489 2492 638 2564 aestuans,
654 2486 790 2550 ferream
812 2485 967 2568 forcipem
988 2486 1076 2549 misit
1096 2485 1133 2548 in
1154 2507 1190 2550 os
1213 2484 1314 2549 sancti

318 2597 351 2652 et
374 2588 508 2652 abscidit
531 2590 600 2673 ejus
622 2589 777 2670 linguam,
794 2595 828 2652 et
850 2589 984 2673 projecit
1005 2588 1041 2652 in
1062 2595 1238 2672 conspectu
1259 2609 1316 2671 po·

317 2691 396 2774 puli,
420 2699 453 2755 et
477 2690 540 2755 ait:
574 2692 657 2755 Ecce
679 2692 791 2774 lingua
816 2689 993 2756 seductoris
1016 2691 1117 2768 istius,
1142 2713 1215 2775 quae
1238 2692 1316 2755 falsa

317 2794 478 2879 loquendo
493 2799 624 2877 gentem
649 2802 792 2858 nostram
813 2795 938 2873 avertit,
954 2794 1036 2858 nihil
1056 2794 1145 2858 aliud
1165 2803 1314 2874 meretur,

318 2898 381 2962 nisi
395 2906 433 2963 ut
448 2897 581 2962 canibus
596 2897 780 2981 projiciatur
795 2898 836 2961 ad
852 2897 1079 2963 devorandum.

362 3003 446 3066 Cum
461 3008 570 3066 autem
584 3007 791 3086 praesumeret
802 3000 881 3065 talia
891 3023 1056 3085 perversus
1071 3021 1176 3084 agere,
1188 3003 1317 3091 flamma

319 3127 358 3170 ex
382 3106 431 3170 ira
456 3106 518 3170 Dei
547 3104 782 3189 egrediebatur,
808 3126 879 3188 quae
904 3105 1011 3190 ipsum
1033 3104 1260 3186 facinorosum,
1284 3113 1317 3170 et

319 3209 457 3274 sedecim
471 3210 554 3274 viros
574 3231 650 3275 oum
664 3229 702 3272 eo
717 3208 934 3292 conflagravit,
951 3208 1006 3292 qui
1020 3208 1085 3291 hoc,
1095 3209 1200 3274 scelus
1214 3210 1317 3275 oonsi-

318 3313 388 3378 liati
404 3319 490 3390 sunt,
504 3319 542 3376 ut
556 3334 617 3376 nec
632 3312 755 3376 cineres
770 3332 882 3375 eorum
896 3312 1124 3396 reperirentur.
1158 3313 1317 3378 Constan-

318 3417 462 3481 tissimus
477 3423 586 3480 autem
606 3437 708 3499 praeco
724 3416 846 3480 Christi
864 3425 996 3480 nonest
1016 3415 1188 3481 derelictus
1203 3438 1224 3480 a
1238 3417 1316 3495 Deo,

321 3520 377 3583 sed
402 3519 568 3582 restitutus
593 3519 714 3601 lingua,
741 3519 889 3604 ampliori
918 3519 1036 3583 fiducia
1063 3520 1184 3603 populo
1213 3519 1319 3585 divina

318 3624 393 3707 jura
406 3621 602 3686 insinuabat.
642 3623 714 3686 Nec
728 3622 791 3686 ista
805 3628 948 3687 attactus
961 3623 1056 3707 plaga
1070 3623 1318 3707 malignantium

321 3733 424 3789 coetus
451 3725 569 3808 quievit
597 3726 789 3790 tumultuari
818 3734 932 3791 contra
961 3734 1109 3791 sanctum
1139 3726 1319 3811 Martyrem

321 3828 451 3905 Christi,
465 3827 520 3890 sed
535 3828 778 3893 conclamabant
793 3828 945 3908 dicentes,
962 3851 1037 3893 eum
1047 3829 1231 3895 maleficum
1241 3852 1319 3910 esse,

321 3939 355 3997 et
368 3931 614 4010 incantatorem,
630 3939 663 3995 et
683 3954 754 4015 quae
769 3931 922 3997 divinitus
940 3932 1023 3996 circa
1041 3932 1135 3996 illum
1149 3934 1220 3999 fieri
1234 3934 1319 4000 vide-

320 4042 408 4114 runt,
421 4036 500 4100 falsa
510 4042 543 4099 et
553 4035 664 4098 inania
673 4034 741 4099 fore
753 4034 913 4099 dixerunt.
938 4035 1021 4099 Cum
1032 4036 1101 4101 haeo
1112 4037 1239 4118 fierent,
1251 4038 1319 4122 qui·

322 4140 396 4204 dam
412 4161 451 4202 ex
464 4139 515 4201 his
527 4138 685 4202 Geraldus
697 4138 839 4217 nomine,
851 4138 1009 4203 crudelior
1019 4140 1144 4204 oaeteris
1157 4140 1319 4224 protendit

321 4241 488 4306 brachium
510 4263 615 4319 suum,
635 4247 673 4304 ut
697 4262 806 4324 pugno
826 4248 974 4305 sanctum
996 4241 1117 4306 Christi
1139 4242 1320 4330 Martyrem

321 4351 498 4428 protereret
520 4351 552 4408 et
573 4351 765 4427 percuteret,
781 4343 838 4407 sed
857 4345 945 4427 justo
963 4345 1086 4429 judicio
1108 4346 1173 4411 Dei
1186 4347 1320 4433 impedi·

321 4456 383 4526 tus,
407 4469 463 4531 per
485 4447 553 4511 dies
574 4455 640 4512 tres
662 4453 794 4511 extenso
815 4447 947 4512 brachio
967 4448 1091 4533 rigidus
1113 4457 1148 4515 et
1169 4453 1320 4516 confusus

322 4552 507 4635 permansit.
551 4551 606 4616 Ad
631 4573 664 4615 se
690 4557 799 4615 autem
827 4548 1013 4632 conversus,
1029 4553 1071 4617 ad
1095 4554 1193 4638 pedes
1219 4554 1320 4622 sancti
