3259 5467
322 657 390 720 284
579 672 673 717 nors
690 670 732 715 ur
746 669 861 714 viarm
877 669 1071 715 nuorrours.

325 818 608 906 Herbipolitanum
630 823 759 883 erectus
780 816 854 883 fuit.
898 817 1015 882 Plures
1035 822 1148 883 autem
1169 817 1234 883 hoc
1254 822 1332 883 tem-

323 945 401 1008 pore
425 925 561 989 floruere
584 920 758 1004 wigberti,
783 940 922 1004 quoram
944 941 1032 985 uuus
1055 943 1117 1005 pro
1139 921 1245 986 altero
1267 942 1333 985 non

319 1046 396 1091 raro
411 1048 431 1090 a
447 1025 522 1090 viris
537 1023 671 1089 eruditis
692 1029 819 1088 sumtus
833 1022 917 1101 fuit3
937 1023 1031 1108 jurat
1048 1024 1128 1088 hinc
1142 1023 1332 1089 celebriores

324 1128 484 1207 exhibere,
509 1134 548 1192 ut
571 1127 717 1192 confusio
747 1126 868 1191 vitetur
896 1132 930 1190 et
952 1127 1032 1191 varii
1057 1131 1182 1192 errores
1208 1127 1332 1192 fadlius

323 1230 488 1296 emendari
507 1229 642 1314 possint.
686 1228 780 1292 Prior
799 1235 849 1292 est
869 1228 1069 1312 wigbertus,
1084 1230 1127 1296 de
1146 1251 1212 1314 quo
1230 1230 1332 1314 loqui-

321 1340 378 1398 tur
395 1333 485 1398 Beda
504 1331 560 1396 lib.
578 1333 620 1396 V.
640 1353 667 1397 c.
689 1334 742 1395 10.
761 1353 808 1416 sq.
828 1352 926 1414 quem
948 1332 1069 1397 adserit
1088 1333 1219 1399 duobus
1238 1335 1346 1399 annis-

323 1436 486 1502 continuis
516 1434 719 1518 evangelium
747 1434 785 1498 in
813 1433 917 1498 Frisia
943 1429 1144 1518 praedicasse,
1174 1437 1233 1520 qui
1257 1458 1332 1502 cum

322 1540 408 1622 apud
436 1537 589 1602 barbaros
619 1538 782 1601 auditores
810 1558 880 1600 non
907 1537 1078 1618 inveniret,
1107 1539 1145 1602 in
1174 1539 1331 1623 Angliam

321 1641 427 1706 rediit.
474 1640 642 1704 Secundus
672 1639 863 1722 Wigbertus
896 1638 996 1703 abbas
1024 1639 1265 1706 Nutsocllensis
1294 1641 1330 1704 in

319 1744 443 1827 Anglia
465 1749 499 1807 et
522 1742 626 1807 sancti
645 1741 805 1806 Bonifacii
826 1746 1013 1825 praeceptor,
1034 1749 1073 1807 ut
1094 1743 1233 1826 ipsemet
1254 1748 1331 1808 eum

320 1852 413 1913 vocat
421 1846 456 1909 in
466 1844 601 1928 epistola
608 1843 908 1909 IILsd‘Danielem
916 1844 1331 1928 Episcopumventanumr

320 1950 436 2034 hicque
449 1949 638 2032 Wigbertus
653 1969 740 2012 anno
754 1946 976 2012 DOOXVIII.
991 1947 1059 2012 vita
1071 1948 1204 2012 functus
1219 1955 1280 2027 est,
1291 1955 1330 2013 ut

320 2059 389 2117 tam
405 2074 444 2116 ex
458 2050 657 2130 willibaldo,
673 2071 770 2133 quam
785 2070 827 2114 ex
838 2048 984 2114 Othlono
996 2048 1033 2114 in
1045 2048 1113 2115 vita
1124 2050 1159 2114 S.
1169 2050 1330 2115 Bonifscii

320 2155 432 2239 liquet.
476 2154 624 2218 Oointius
646 2173 733 2217 anno
752 2151 1008 2217 DCCXXXHI.
1022 2173 1113 2218 num.
1129 2153 1266 2218 XVIII.
1282 2175 1330 2237 sq.

320 2258 378 2322 ubi
396 2257 561 2322 laudatam
577 2262 723 2321 nostrum
744 2254 904 2320 Bonifacii
918 2255 1087 2339 epistolam
1103 2277 1198 2321 num.
1214 2257 1328 2321 XVII.

297 2361 429 2439 refert,
459 2359 636 2437 contendit,
667 2380 738 2423 eam
767 2380 788 2422 a
815 2357 984 2422 Bonifacio
1005 2364 1080 2442 post
1108 2358 1160 2422 sui
1180 2359 1331 2441 magistri

320 2470 459 2527 mortem
480 2463 610 2526 missam
632 2483 702 2526 esse
721 2462 757 2524 in
776 2461 932 2544 Anglism
949 2467 983 2526 et
1003 2461 1042 2526 in
1056 2481 1096 2526 ea
1109 2461 1328 2540 Bonifacium,

320 2587 395 2630 cum
416 2565 604 2629 diuturnam
625 2564 662 2627 in
678 2564 855 2631 Germania
875 2585 1001 2629 moram
1021 2563 1170 2629 nondum
1185 2563 1327 2642 fecisset,

319 2668 466 2732 eamdem
481 2668 653 2750 scripsisse,
669 2669 747 2732 dum
763 2668 804 2733 de
817 2667 998 2732 reversione
1011 2667 1048 2732 in
1061 2667 1202 2752 patriam
1217 2668 1326 2732 adhuc

318 2771 485 2854 cogitaret.
529 2771 654 2834 Verum
680 2771 895 2850 Bcnifacium,
923 2777 1095 2855 postquam
1121 2771 1159 2835 in
1185 2770 1328 2835 Gelliam

318 2873 369 2938 vel
397 2873 433 2937 in
458 2872 673 2938 'Germaniam
697 2874 818 2938 iterum
846 2873 947 2952 venit,
970 2873 1007 2936 in
1034 2872 1192 2955 Angliam
1219 2871 1327 2937 redire

319 2976 503 3056 decrevisse,
526 2977 616 3041 nullo
637 2977 744 3054 verbo,
766 2998 828 3042 nec
848 2975 1055 3041 Willibaldus
1074 2995 1137 3040 noc
1158 2974 1326 3040 Othlonus

317 3079 354 3144 in
369 3080 438 3164 ejus
452 3080 528 3159 vita,
546 3101 607 3144 nec
624 3079 759 3163 ipsemet
781 3079 818 3143 in
836 3079 944 3162 aliqua
963 3099 1096 3142 suarum
1115 3077 1326 3162 epistolarum

317 3182 450 3248 indicat.
486 3183 594 3249 Quam
609 3182 649 3246 ob
664 3203 734 3246 rem
749 3203 787 3245 ea
800 3182 936 3266 epistola
947 3186 991 3245 'ex
1005 3181 1113 3265 aliquo
1126 3179 1325 3245 monasterio

319 3286 502 3351 Germanice
515 3284 743 3351 Fritislariensi
756 3284 862 3350 vicino
877 3285 963 3364 data,
978 3305 1017 3351 ex
1032 3305 1097 3368 quc
1111 3282 1324 3349 Fritishrism

317 3409 500 3453 reversurus
521 3396 599 3468 erat,
614 3388 809 3471 interimque
830 3387 998 3452 monachis
1015 3385 1207 3452 monasterii
1221 3385 1326 3452 office

318 3490 540 3560 distribuebat.
587 3492 651 3556 Sed
665 3491 871 3555 Willibaldus
888 3490 925 3554 in
938 3490 1007 3554 vita
1022 3489 1055 3554 S.
1071 3488 1233 3554 Bonifacii
1246 3511 1276 3556 c.
1290 3491 1325 3553 b.

317 3599 350 3656 et
379 3593 541 3657 Othlonus
570 3593 626 3658 lib.
652 3599 679 3658 l.
700 3614 728 3657 c.
754 3597 785 3659 ⁷.
808 3593 901 3657 litem
919 3593 1016 3677 plane
1036 3592 1195 3657 didmunt
1205 3617 1217 3670 ς
1247 3613 1323 3657 cum

318 3695 473 3774 scribunt,
493 3698 648 3780 prerto
662 3698 872 3760 Notrcellemi
888 3697 1000 3760 abbate
1018 3697 1176 3760 cenorum
1189 3697 1323 3760 volume

315 3803 479 3865 monaedes
507 3801 704 3883 &olfactum
732 3800 793 3867 sibi
814 3799 988 3881 profluae,
1008 3799 1066 3863 red
1092 3819 1145 3863 eor
1162 3799 1202 3863 id
1221 3799 1265 3863 sd
1287 3819 1324 3863 eo

316 3905 451 3967 obtinere
465 3924 526 3967 ooo
536 3904 687 3985 potuisse,
702 3921 742 3966 ac
753 3908 920 3984 postquam
942 3901 1178 3983 cumfiutridm
1196 3901 1326 3983 αΙίΜ

316 4010 434 4089 tempus
462 4013 666 4071 commoretur
695 4011 782 4084 esset,
811 4024 878 4069 sess
900 4007 982 4068 mort
1005 4005 1204 4069 muzirim.
1248 4004 1324 4069 Imo

314 4111 522 4175 Willibaldus
542 4116 690 4188 testatur,
714 4130 781 4172 emm
803 4128 844 4171 em
864 4109 982 4190 Amulio
1011 4106 1237 4185 concaluisse,
1259 4106 1324 4170 mci

307 4222 475 4297 postquam
503 4214 640 4295 byeumle
660 4215 732 4295 jam
756 4218 876 4293 tempus
896 4211 1081 4293 preteriit.
1126 4209 1257 4275 Confer.
1282 4229 1323 4275 ca

314 4339 386 4401 quae
400 4337 497 4399 supra
508 4314 663 4400 legimtur
674 4322 750 4380 aute
765 4314 934 4398 epistolam
945 4312 1174 4379 I-XXXIII.
1188 4311 1320 4378 uersus

313 4421 501 4503 Wigbertus
519 4420 691 4484 sanctitate
707 4419 811 4483 clarus
830 4417 929 4482 abbas
947 4415 1207 4494 Fritislaricnsis,
1225 4416 1323 4500 cujus·

314 4523 479 4588 occasione
507 4522 548 4586 de
577 4522 646 4587 aliis
671 4520 850 4604 Wigbertis
878 4541 968 4586 nunc
996 4519 1116 4602 agitur.
1174 4516 1322 4607 Quartus
