3259 5467
625 718 627 723 ,
708 700 747 745 ns
763 699 937 746 concurr.
1264 676 1329 745 acl

319 840 371 905 sui
389 839 583 924 colloquium
601 859 771 924 properare
790 839 877 903 velit.
922 836 1023 902 Venit
1039 837 1104 916 ille,
1122 843 1156 902 et
1176 837 1323 902 adventu

318 944 389 1028 ejus
419 943 621 1022 denuntiato,
651 941 771 1026 paratis
800 941 900 1024 equis,
926 941 1091 1025 opiscopus
1121 940 1263 1006 Gervilio
1293 940 1324 1005 oi

315 1046 460 1129 procedit
475 1045 613 1124 obviam,
625 1050 658 1108 et
673 1065 748 1108 cum
761 1043 798 1107 in
808 1043 916 1107 medio
926 1043 1061 1106 flumine
1075 1043 1161 1107 inter
1177 1063 1210 1106 se
1225 1043 1322 1108 collo·

317 1154 501 1231 querentur,
519 1147 660 1212 Ger-vilio
675 1147 758 1211 clam
771 1146 878 1210 ferens
894 1146 1046 1228 gladium,
1062 1145 1228 1210 hominem
1243 1166 1319 1210 con-

318 1251 410 1330 fodit,
420 1251 468 1316 ita
482 1251 609 1315 dicens:
626 1251 746 1334 Accipe
757 1251 826 1333 jam
837 1250 968 1328 ferrum,
980 1270 1044 1332 quo
1054 1255 1180 1332 patrem
1194 1248 1321 1314 vindico

316 1375 437 1419 carum.
482 1354 544 1418 Ille
558 1374 634 1417 mox
648 1374 688 1417 ex
702 1373 787 1439 equo
807 1371 968 1430 corruens,
983 1352 1020 1415 in
1038 1351 1171 1416 flumine
1191 1351 1320 1416 exhalat

315 1457 475 1541 spiritum.
521 1458 669 1540 Repente
684 1462 792 1520 autem
811 1455 881 1539 ejus
902 1462 1065 1540 comperta
1079 1455 1175 1534 caede,
1191 1455 1319 1520 sublato

313 1561 454 1626 elamore
476 1561 641 1644 utrimque
670 1559 712 1624 ed
740 1578 831 1623 arma
859 1558 1071 1624 concurritur.
1125 1557 1179 1624 Fit
1207 1579 1319 1643 pugna

313 1670 416 1742 amor,
433 1662 613 1728 saxonibus
627 1662 729 1740 victis,
746 1662 981 1727 Carlomannus
1001 1661 1043 1725 sd
1062 1683 1122 1726 sua
1140 1681 1175 1725 se
1191 1663 1315 1746 recipit,

313 1767 445 1831 nemine
461 1773 534 1832 tum
555 1766 591 1830 id
607 1764 695 1850 quod
714 1765 855 1829 Gervilio
876 1765 997 1830 fecerat
1014 1785 1073 1848 pro
1094 1763 1268 1828 homicidio
1286 1763 1318 1831 ei

311 1869 506 1952 imputante.
565 1869 682 1952 Itaque
710 1889 856 1933 reversus
885 1868 1027 1947 domum,
1053 1866 1195 1952 perrexit
1223 1866 1316 1933 solito

313 1994 405 2037 more
419 1971 558 2057 episcopi
572 1970 686 2036 munia
699 1970 798 2036 obire.
1288 2031 1291 2034 .

356 2075 404 2139 At
419 2081 550 2138 sanctus
563 2075 683 2159 praesul
701 2073 889 2138 Bonifacius
906 2072 994 2137 iuter
1012 2077 1129 2137 caetera
1142 2072 1204 2136 hoc
1217 2069 1317 2136 otiam

312 2176 350 2240 in
376 2178 498 2264 synodo
521 2177 759 2261 pronuntiavit:
793 2176 959 2241 nemiuem
984 2173 1040 2258 qui
1065 2173 1205 2238 hominis
1230 2172 1317 2238 crede

311 2280 456 2363 pollutus
471 2280 523 2358 sit,
539 2278 715 2343 sacerdotio
729 2279 824 2362 fungi
838 2299 940 2362 posse.
985 2277 1069 2340 Tum
1084 2277 1182 2340 etiem
1197 2274 1315 2360 objecit

313 2381 353 2460 ei,
370 2381 435 2444 suis
450 2403 484 2446 se
498 2381 701 2464 conspexisse
720 2381 821 2445 oculis
839 2380 933 2444 illum
954 2399 1030 2443 cum
1050 2377 1161 2443 avibus
1180 2385 1213 2442 et
1228 2377 1314 2441 cani-

313 2484 375 2547 bus
397 2484 574 2562 ludentem,
598 2482 684 2567 quod
707 2483 854 2567 episcopo
876 2483 925 2546 las
946 2504 1014 2547 non
1036 2488 1129 2547 esset.
1175 2479 1316 2546 Gervilio

312 2587 364 2652 liis
379 2587 507 2666 auditis,
523 2586 666 2651 sentiens
679 2606 714 2652 se
728 2587 818 2651 nullo
837 2592 932 2671 pacto
950 2593 1064 2652 contra
1083 2585 1250 2651 stimulum
1263 2585 1315 2650 vel

312 2690 472 2755 succidaris
492 2689 657 2774 potentiae,
675 2690 726 2753 vel
747 2689 910 2755 canonicae
931 2689 1141 2769 auctoritatis,
1164 2709 1236 2773 quas
1257 2693 1315 2773 p‘er

312 2799 461 2858 sanctum
476 2793 681 2858 Bonifacium
697 2793 733 2856 in
752 2800 926 2877 praesentcs
948 2813 1061 2858 omnes
1081 2792 1313 2876 proferebatur,

312 2896 477 2962 ealcitrme
498 2917 609 2980 posse;
632 2896 777 2960 omnium
799 2895 840 2960 de
862 2916 897 2958 se
917 2895 1048 2959 calculis
1069 2894 1266 2979 subscripsit,
1280 2901 1315 2961 st

311 3005 535 3063 exauctoratus
559 3008 618 3064 est.
661 2999 712 3065 Eo
737 3005 848 3062 autem
871 2997 1026 3081 deposito,
1053 3003 1183 3061 sancum
1214 2997 1314 3062 Boni-

310 3101 412 3166 heim
427 3123 447 3166 a
460 3102 676 3166 carlomanno
695 3108 729 3166 et
743 3102 882 3186 Pippino
898 3101 998 3165 fratre
1020 3099 1088 3183 ejus
1107 3097 1315 3181 Moguntinss

311 3205 380 3270 sedi
400 3205 584 3289 praefioitur.
629 3206 674 3270 Et
693 3212 731 3269 ut
751 3205 821 3290 ejus
840 3204 981 3288 dignitas
1007 3208 1091 3267 esset
1109 3200 1314 3281 eminentior,

311 3314 496 3373 statuerunt
509 3307 608 3373 iidem
622 3308 782 3392 principes
801 3307 969 3373 ecclesiam
984 3305 1226 3390 Moguntinam
1242 3324 1314 3387 quse

309 3417 382 3475 tum
397 3411 490 3476 alteri
503 3410 648 3495 subjecte
662 3418 741 3491 erat,
751 3412 789 3477 in
800 3411 903 3476 totius
912 3408 1096 3476 Germanias
1109 3406 1314 3491 metropolim

310 3513 500 3596 provehere:
523 3515 684 3599 missaque
699 3537 775 3582 mox
787 3514 985 3600 legatione-a
999 3513 1148 3580 Romam
1160 3509 1313 3597 pontifice

313 3615 347 3680 id
360 3615 609 3701 impetranmt.'’
625 3619 678 3684 W.
