3259 5467
312 692 376 756 102
582 708 763 754 nourracrr
780 706 1046 752 sscnrrrrrcorr

680 1153 836 1220 suano
858 1104 952 1218 xri.
1050 1118 1052 1122 ’

562 1310 601 1372 Ira
616 1310 666 1372 die
679 1310 883 1373 sokmrritatis
891 1308 1064 1390 paschalis.

358 1483 387 1543 l.
412 1481 566 1544 Gnarrrs
582 1479 653 1543 Deo
675 1478 833 1542 Salvatori
851 1484 972 1557 nostro,
988 1477 1044 1562 qui
1060 1498 1120 1542 nos
1136 1498 1232 1542 sanos
1246 1498 1317 1561 per-

313 1584 422 1648 venire
435 1583 581 1667 permisit
599 1582 641 1647 ad
663 1580 894 1646 celebrandum
918 1581 1004 1646 diem
1026 1581 1226 1645 dominicum
1247 1602 1319 1664 pas-

315 1687 414 1751 chalis
430 1685 650 1750 solemnitatis.
698 1684 805 1749 Hodie
819 1684 856 1748 in
870 1685 1020 1749 universo
1039 1684 1163 1749 mundo
1177 1683 1215 1748 in
1229 1704 1320 1747 sanc-

314 1790 356 1855 tis
379 1791 501 1854 Christi
526 1789 667 1854 ecclesiis
691 1789 883 1853 resurrectio
908 1788 1012 1852 nostri
1039 1786 1212 1853 salvatoris
1239 1788 1320 1851 Jesu

316 1893 437 1959 Christi
459 1892 593 1957 Domini
614 1892 718 1957 nostri
740 1892 934 1957 celebratur.
980 1891 1059 1955 Ideo
1079 1891 1180 1970 decet,
1204 1890 1321 1954 fratres

316 1997 479 2075 carissimi,
494 2003 532 2061 ut
548 1995 668 2079 aliquid
688 1996 728 2059 de
751 2003 820 2060 tam
841 2017 962 2078 magna
984 1994 1186 2060 solemnitate
1208 1994 1320 2078 loqua-

299 2121 399 2165 mur.
437 2097 603 2183 'Apparuit
627 2105 736 2162 autem
761 2098 855 2163 Jesus
880 2098 1028 2162 Christus
1051 2097 1088 2160 in
1109 2117 1217 2177 carne,
1238 2095 1321 2162 mori

316 2202 468 2285 dignatus
495 2208 544 2266 est
571 2223 611 2265 ex
631 2201 809 2281 voluntate,
832 2201 1007 2266 resurrexit
1032 2221 1072 2265 ex
1094 2204 1266 2284 potestate,
1289 2205 1322 2264 et

316 2305 457 2369 ostendit
473 2304 618 2387 exemplo
633 2303 719 2387 quod
733 2303 827 2368 nobis
841 2304 988 2389 promisit
1003 2303 1038 2367 iu
1049 2302 1193 2387 praemio.
1226 2301 1321 2366 Solus

315 2408 369 2471 ille
391 2408 427 2470 in
453 2414 597 2491 tempore
621 2414 768 2472 mortuus
794 2413 853 2487 est,
880 2413 913 2472 et
938 2413 1050 2471 tamen
1073 2405 1160 2471 solus
1185 2403 1321 2470 minime

317 2510 467 2573 surrexit.
512 2510 600 2572 Nam
617 2511 854 2594 scriptumest:
878 2510 985 2573 Malta
999 2529 1130 2591 corpora
1144 2513 1322 2572 sanctorum

316 2634 382 2695 que
397 2613 587 2676 dormierunt
602 2620 847 2677 resurrexerant.
893 2613 978 2677 Ecce
996 2633 1072 2676 cum
1086 2612 1158 2676 Deo
1172 2609 1320 2675 homines

317 2715 528 2779 resurrexisse
543 2716 775 2798 cognoscimus,
792 2723 826 2780 et
847 2738 927 2800 quos
945 2737 1043 2800 puros
1060 2715 1158 2779 fuisse
1172 2712 1321 2778 homines

318 2840 386 2882 non
410 2817 605 2883 dubitamus.
653 2819 688 2882 Si
713 2820 814 2903 igitur
835 2819 982 2884 membra
1004 2817 1108 2883 nostri
1130 2815 1320 2881 redemtoris

319 2943 440 3000 sumus,
456 2943 686 3005 praesumamus
705 2923 742 2986 in
763 2923 858 2987 nobis
881 2922 968 3006 quod
990 2926 1118 3006 gestum
1137 2926 1267 2985 constat
1285 2919 1321 2983 in

319 3026 434 3110 capite,
451 3025 536 3110 quod
551 3033 599 3090 est
615 3026 763 3090 Christus
780 3027 800 3090 J
802 3048 884 3090 esus.
923 3026 986 3089 Ille
1000 3024 1088 3090 enim
1103 3024 1186 3090 sicut
1200 3024 1322 3088 Paulus

321 3131 483 3213 apostolus
509 3129 607 3194 dicit:
633 3130 781 3194 Mortuus
800 3136 846 3193 est
862 3136 994 3212 propter
1015 3129 1129 3192 delicta
1150 3133 1270 3206 nostre,
1292 3132 1321 3189 et

318 3235 490 3296 resumeret
513 3240 641 3315 propter
659 3232 916 3316 justificationem
939 3239 1085 3297 nostram.
1143 3231 1174 3296 Ο
1203 3251 1322 3314 magna

322 3336 493 3400 nemeaea
508 3320 710 3401 redemtoris
725 3336 828 3401 noser
843 3336 1005 3421 unigeniti
1026 3335 1099 3400 ms
1114 3334 1186 3413 uu,
1201 3340 1236 3399 et
1253 3333 1320 3397 su.

321 3439 439 3502 vatoris
457 3440 560 3502 nostri
581 3441 661 3503 Jesu
681 3439 802 3504 Christi
817 3439 950 3504 Domini
969 3438 1082 3517 nostri,
1098 3438 1154 3522 qui
1176 3436 1266 3502 venit
1288 3437 1322 3499 iu

320 3540 408 3605 hunc
438 3542 597 3605 mundum
627 3550 808 3625 peccatores
838 3543 939 3607 salvos
967 3543 1081 3620 facere,
1107 3541 1183 3626 quia
1212 3560 1323 3605 omnes

320 3645 467 3709 homines
483 3651 558 3709 ante
573 3647 747 3710 adventum
764 3647 937 3710 Salvatoris
951 3668 1008 3730 per
1022 3645 1150 3729 culpam
1164 3643 1212 3708 rei
1227 3648 1320 3707 erant

322 3747 433 3830 primae
447 3748 715 3831 praevaricationis
731 3749 836 3814 Adam
853 3756 886 3814 et
901 3750 991 3814 AEvae
1005 3749 1114 3812 uxoris
1129 3747 1209 3830 ejus.
1245 3819 1247 3822 Α

365 3854 396 3914 2.
420 3850 566 3914 Audistis
592 3873 684 3934 saepe,
708 3852 825 3916 fratres
851 3852 1015 3930 carissimi,
1041 3849 1201 3934 quomodo
1226 3847 1322 3932 primi

322 3965 470 4040 parentes
485 3957 588 4021 nostri
597 3957 659 4020 Dei
673 3964 869 4040 praeceptum
885 3956 1077 4040 transgressi
1088 3960 1174 4034 suut,
1184 3960 1219 4018 et
1233 3972 1322 4018 nunc

321 4060 460 4124 breviter
486 4059 639 4124 dicamus.
684 4061 788 4123 Erant
812 4061 899 4123 enim
923 4059 1093 4123 constituti
1110 4056 1151 4121 ln
1174 4055 1323 4140 paradiso

321 4163 483 4227 felicitatis
498 4169 608 4241 tantae,
624 4169 662 4226 ut
677 4163 704 4225 si
718 4162 894 4226 voluissent
909 4163 943 4225 in
957 4163 1014 4227 illa
1028 4160 1168 4246 paradisi
1181 4159 1323 4224 beatitu-

320 4265 397 4329 dine
418 4266 588 4344 custodire,
611 4273 649 4329 ut
669 4289 689 4330 a
707 4266 815 4330 fructu
835 4266 1006 4350 prohibitae
1024 4263 1144 4330 arboris
1164 4284 1200 4327 se
1223 4262 1322 4327 absti-

320 4375 446 4446 nerent,
463 4390 588 4452 semper
602 4369 722 4451 absque
737 4375 841 4433 morte
856 4376 889 4434 et
903 4369 1032 4433 miseria
1045 4367 1192 4432 fuissent.
1238 4366 1324 4430 Prae·

321 4472 406 4554 cepit
421 4472 508 4536 enim
523 4472 568 4537 eis
579 4473 739 4538 Dominus
749 4474 848 4553 Deus,
858 4481 896 4538 ut
911 4473 951 4538 de
965 4474 1073 4537 fructu
1087 4471 1185 4536 unius
1200 4468 1323 4534 arboris

321 4594 390 4637 non
408 4575 653 4656 manducarent,
674 4599 716 4641 ne
734 4583 842 4642 totum
865 4578 909 4642 eis
929 4579 1054 4643 licitum
1073 4597 1142 4642 esse
1160 4579 1325 4660 putarent,
