<?xml version="1.0" encoding="UTF-8"?>
<!DOCTYPE html PUBLIC "-//W3C//DTD XHTML 1.0 Transitional//EN"
    "http://www.w3.org/TR/xhtml1/DTD/xhtml1-transitional.dtd">
<html xmlns="http://www.w3.org/1999/xhtml" xml:lang="en" lang="en">
 <head>
  <title>
</title>
<meta http-equiv="Content-Type" content="text/html;charset=utf-8" />
  <meta name='ocr-system' content='tesseract 3.04.00' />
  <meta name='ocr-capabilities' content='ocr_page ocr_carea ocr_par ocr_line ocrx_word'/>
</head>
<body>
  <div class='ocr_page' id='page_1' title='image "./operaquaeextant00bonigoog_0050.png"; bbox 0 0 3259 5467; ppageno 0'>
   <div class='ocr_carea' id='block_1_1' title="bbox 604 691 1312 752">
    <p class='ocr_par' dir='ltr' id='par_1_1' title="bbox 604 691 1312 752">
     <span class='ocr_line' id='line_1_1' title="bbox 604 691 1312 752; baseline 0.004 -3"><span class='ocrx_word' id='word_1_1' title='bbox 604 704 645 749; x_wconf 79' lang='lat' dir='ltr'><strong>nr</strong></span> <span class='ocrx_word' id='word_1_2' title='bbox 661 704 836 749; x_wconf 77' lang='lat' dir='ltr'><strong>urarrms</strong></span> <span class='ocrx_word' id='word_1_3' title='bbox 852 706 1023 752; x_wconf 78' lang='lat' dir='ltr'><strong>corcram.</strong></span> <span class='ocrx_word' id='word_1_4' title='bbox 1269 691 1312 752; x_wconf 82' lang='lat'><strong>43</strong></span> 
     </span>
    </p>
   </div>
   <div class='ocr_carea' id='block_1_2' title="bbox 311 849 1318 2998">
    <p class='ocr_par' dir='ltr' id='par_1_2' title="bbox 311 849 1313 1042">
     <span class='ocr_line' id='line_1_2' title="bbox 311 849 1313 938; baseline 0.002 -20"><span class='ocrx_word' id='word_1_5' title='bbox 311 853 436 918; x_wconf 75' lang='lat' dir='ltr'><strong>situlus</strong></span> <span class='ocrx_word' id='word_1_6' title='bbox 449 849 640 935; x_wconf 78' lang='lat' dir='ltr'>designabat</span> <span class='ocrx_word' id='word_1_7' title='bbox 654 851 791 934; x_wconf 87' lang='lat' dir='ltr'><strong>gratiam</strong></span> <span class='ocrx_word' id='word_1_8' title='bbox 806 852 904 932; x_wconf 92' lang='lat' dir='ltr'><strong>illam,</strong></span> <span class='ocrx_word' id='word_1_9' title='bbox 921 875 1017 937; x_wconf 90' lang='lat' dir='ltr'><strong>quam</strong></span> <span class='ocrx_word' id='word_1_10' title='bbox 1037 854 1076 918; x_wconf 92' lang='lat' dir='ltr'><strong>ab</strong></span> <span class='ocrx_word' id='word_1_11' title='bbox 1097 855 1211 938; x_wconf 86' lang='lat' dir='ltr'><strong>angelo</strong></span> <span class='ocrx_word' id='word_1_12' title='bbox 1226 876 1313 920; x_wconf 87' lang='lat' dir='ltr'><strong>acce-</strong></span> 
     </span>
     <span class='ocr_line' id='line_1_3' title="bbox 311 955 889 1042; baseline 0 -22"><span class='ocrx_word' id='word_1_13' title='bbox 311 965 415 1042; x_wconf 84' lang='lat' dir='ltr'><strong>perat,</strong></span> <span class='ocrx_word' id='word_1_14' title='bbox 431 963 604 1038; x_wconf 74' lang='lat' dir='ltr'><strong>antequam</strong></span> <span class='ocrx_word' id='word_1_15' title='bbox 618 955 718 1018; x_wconf 87' lang='lat' dir='ltr'><strong>exiret</strong></span> <span class='ocrx_word' id='word_1_16' title='bbox 733 955 773 1019; x_wconf 94' lang='lat' dir='ltr'><strong>de</strong></span> <span class='ocrx_word' id='word_1_17' title='bbox 786 955 889 1020; x_wconf 77' lang='lat' dir='ltr'><strong>vulva.</strong></span> 
     </span>
    </p>

    <p class='ocr_par' dir='ltr' id='par_1_3' title="bbox 312 1057 1316 2896">
     <span class='ocr_line' id='line_1_4' title="bbox 358 1057 1314 1144; baseline 0.003 -20"><span class='ocrx_word' id='word_1_18' title='bbox 358 1061 506 1144; x_wconf 83' lang='lat' dir='ltr'><strong>Cumque</strong></span> <span class='ocrx_word' id='word_1_19' title='bbox 526 1059 580 1123; x_wconf 94' lang='lat' dir='ltr'><strong>hic</strong></span> <span class='ocrx_word' id='word_1_20' title='bbox 599 1057 727 1122; x_wconf 89' lang='lat' dir='ltr'><strong>libellus</strong></span> <span class='ocrx_word' id='word_1_21' title='bbox 749 1080 851 1142; x_wconf 89' lang='lat' dir='ltr'><strong>usque</strong></span> <span class='ocrx_word' id='word_1_22' title='bbox 874 1059 916 1124; x_wconf 90' lang='lat' dir='ltr'><strong>ad</strong></span> <span class='ocrx_word' id='word_1_23' title='bbox 940 1061 1040 1124; x_wconf 89' lang='lat' dir='ltr'><strong>finem</strong></span> <span class='ocrx_word' id='word_1_24' title='bbox 1065 1061 1167 1127; x_wconf 85' lang='lat' dir='ltr'><strong>lectus</strong></span> <span class='ocrx_word' id='word_1_25' title='bbox 1191 1062 1314 1141; x_wconf 82' lang='lat' dir='ltr'><strong>fuisset,</strong></span> 
     </span>
     <span class='ocr_line' id='line_1_5' title="bbox 313 1161 1315 1248; baseline 0.003 -20"><span class='ocrx_word' id='word_1_26' title='bbox 313 1163 483 1228; x_wconf 76' lang='lat' dir='ltr'><strong>Zacharias</strong></span> <span class='ocrx_word' id='word_1_27' title='bbox 499 1161 719 1227; x_wconf 89' lang='lat' dir='ltr'><strong>sanctissimus</strong></span> <span class='ocrx_word' id='word_1_28' title='bbox 734 1184 771 1226; x_wconf 88' lang='lat' dir='ltr'><strong>ac</strong></span> <span class='ocrx_word' id='word_1_29' title='bbox 785 1162 989 1227; x_wconf 85' lang='lat' dir='ltr'><strong>beatissimus</strong></span> <span class='ocrx_word' id='word_1_30' title='bbox 1004 1185 1087 1248; x_wconf 87' lang='lat' dir='ltr'><strong>papa</strong></span> <span class='ocrx_word' id='word_1_31' title='bbox 1101 1164 1202 1229; x_wconf 84' lang='lat' dir='ltr'><strong>dixit:</strong></span> <span class='ocrx_word' id='word_1_32' title='bbox 1226 1165 1315 1231; x_wconf 83' lang='lat' dir='ltr'><strong>Quid</strong></span> 
     </span>
     <span class='ocr_line' id='line_1_6' title="bbox 313 1265 1314 1349; baseline 0.002 -18"><span class='ocrx_word' id='word_1_33' title='bbox 313 1267 356 1331; x_wconf 87' lang='lat' dir='ltr'><strong>ad</strong></span> <span class='ocrx_word' id='word_1_34' title='bbox 384 1267 454 1331; x_wconf 66' lang='lat' dir='ltr'><strong>has</strong></span> <span class='ocrx_word' id='word_1_35' title='bbox 481 1266 669 1349; x_wconf 90' lang='lat' dir='ltr'><strong>blasphema</strong></span> <span class='ocrx_word' id='word_1_36' title='bbox 699 1265 910 1349; x_wconf 90' lang='lat' dir='ltr'><strong>respondetis,</strong></span> <span class='ocrx_word' id='word_1_37' title='bbox 941 1267 1132 1331; x_wconf 79' lang='lat' dir='ltr'>sanctissimi</span> <span class='ocrx_word' id='word_1_38' title='bbox 1161 1270 1314 1333; x_wconf 78' lang='lat' dir='ltr'><strong>Fratres?</strong></span> 
     </span>
     <span class='ocr_line' id='line_1_7' title="bbox 313 1368 1313 1454; baseline 0.003 -21"><span class='ocrx_word' id='word_1_39' title='bbox 313 1368 524 1454; x_wconf 80' lang='lat' dir='ltr'><strong>Epiphanius,</strong></span> <span class='ocrx_word' id='word_1_40' title='bbox 537 1368 755 1433; x_wconf 89' lang='lat' dir='ltr'><strong>sanctissimus</strong></span> <span class='ocrx_word' id='word_1_41' title='bbox 765 1368 931 1452; x_wconf 88' lang='lat' dir='ltr'><strong>episcopus</strong></span> <span class='ocrx_word' id='word_1_42' title='bbox 943 1369 1037 1434; x_wconf 85' lang='lat' dir='ltr'><strong>Silvae</strong></span> <span class='ocrx_word' id='word_1_43' title='bbox 1046 1370 1208 1450; x_wconf 83' lang='lat' dir='ltr'><strong>Candidas,</strong></span> <span class='ocrx_word' id='word_1_44' title='bbox 1219 1371 1313 1436; x_wconf 85' lang='lat' dir='ltr'>dixit:</span> 
     </span>
     <span class='ocr_line' id='line_1_8' title="bbox 314 1470 1315 1558; baseline 0.002 -21"><span class='ocrx_word' id='word_1_45' title='bbox 314 1473 422 1553; x_wconf 83' lang='lat' dir='ltr'><strong>Certe,</strong></span> <span class='ocrx_word' id='word_1_46' title='bbox 438 1472 609 1558; x_wconf 87' lang='lat' dir='ltr'><strong>apostolice</strong></span> <span class='ocrx_word' id='word_1_47' title='bbox 625 1470 774 1550; x_wconf 90' lang='lat' dir='ltr'><strong>Domine,</strong></span> <span class='ocrx_word' id='word_1_48' title='bbox 790 1493 831 1536; x_wconf 84' lang='lat' dir='ltr'><strong>ex</strong></span> <span class='ocrx_word' id='word_1_49' title='bbox 845 1472 954 1536; x_wconf 85' lang='lat' dir='ltr'><strong>divina</strong></span> <span class='ocrx_word' id='word_1_50' title='bbox 966 1471 1175 1556; x_wconf 83' lang='lat' dir='ltr'><strong>inspiratione</strong></span> <span class='ocrx_word' id='word_1_51' title='bbox 1190 1481 1315 1539; x_wconf 90' lang='lat' dir='ltr'><strong>motum</strong></span> 
     </span>
     <span class='ocr_line' id='line_1_9' title="bbox 313 1575 1315 1660; baseline -0.001 -19"><span class='ocrx_word' id='word_1_52' title='bbox 313 1583 363 1641; x_wconf 90' lang='lat' dir='ltr'><strong>est</strong></span> <span class='ocrx_word' id='word_1_53' title='bbox 382 1597 438 1640; x_wconf 92' lang='lat' dir='ltr'><strong>cor</strong></span> <span class='ocrx_word' id='word_1_54' title='bbox 455 1575 559 1639; x_wconf 87' lang='lat' dir='ltr'><strong>saneti</strong></span> <span class='ocrx_word' id='word_1_55' title='bbox 577 1575 676 1639; x_wconf 88' lang='lat' dir='ltr'><strong>vestri</strong></span> <span class='ocrx_word' id='word_1_56' title='bbox 698 1575 904 1658; x_wconf 88' lang='lat' dir='ltr'><strong>apostolatus,</strong></span> <span class='ocrx_word' id='word_1_57' title='bbox 920 1582 958 1639; x_wconf 93' lang='lat' dir='ltr'><strong>ut</strong></span> <span class='ocrx_word' id='word_1_58' title='bbox 979 1576 1168 1660; x_wconf 85' lang='lat' dir='ltr'><strong>praedictum</strong></span> <span class='ocrx_word' id='word_1_59' title='bbox 1185 1577 1315 1641; x_wconf 87' lang='lat' dir='ltr'><strong>Bonifa-</strong></span> 
     </span>
     <span class='ocr_line' id='line_1_10' title="bbox 313 1678 1315 1764; baseline 0 -20"><span class='ocrx_word' id='word_1_60' title='bbox 313 1680 411 1756; x_wconf 91' lang='lat' dir='ltr'><strong>cium,</strong></span> <span class='ocrx_word' id='word_1_61' title='bbox 424 1678 661 1744; x_wconf 89' lang='lat' dir='ltr'><strong>sanctissimum</strong></span> <span class='ocrx_word' id='word_1_62' title='bbox 675 1679 822 1742; x_wconf 79' lang='lat' dir='ltr'><strong>Fratrem</strong></span> <span class='ocrx_word' id='word_1_63' title='bbox 836 1685 994 1758; x_wconf 90' lang='lat' dir='ltr'><strong>nostrum,</strong></span> <span class='ocrx_word' id='word_1_64' title='bbox 1010 1679 1203 1763; x_wconf 88' lang='lat' dir='ltr'><strong>episcopum,</strong></span> <span class='ocrx_word' id='word_1_65' title='bbox 1219 1686 1315 1764; x_wconf 89' lang='lat' dir='ltr'><strong>atque</strong></span> 
     </span>
     <span class='ocr_line' id='line_1_11' title="bbox 313 1781 1316 1866; baseline 0 -19"><span class='ocrx_word' id='word_1_66' title='bbox 313 1784 513 1847; x_wconf 75' lang='lat' dir='ltr'><strong>Francorum</strong></span> <span class='ocrx_word' id='word_1_67' title='bbox 527 1782 687 1866; x_wconf 85' lang='lat' dir='ltr'>principes</span> <span class='ocrx_word' id='word_1_68' title='bbox 707 1781 972 1859; x_wconf 84' lang='lat' dir='ltr'><strong>commoneretis3</strong></span> <span class='ocrx_word' id='word_1_69' title='bbox 996 1789 1153 1864; x_wconf 87' lang='lat' dir='ltr'><strong>quatenus</strong></span> <span class='ocrx_word' id='word_1_70' title='bbox 1167 1783 1203 1846; x_wconf 92' lang='lat' dir='ltr'><strong>in</strong></span> <span class='ocrx_word' id='word_1_71' title='bbox 1217 1784 1316 1866; x_wconf 88' lang='lat' dir='ltr'><strong>parti-</strong></span> 
     </span>
     <span class='ocr_line' id='line_1_12' title="bbox 312 1884 1316 1969; baseline 0 -19"><span class='ocrx_word' id='word_1_72' title='bbox 312 1885 374 1950; x_wconf 89' lang='lat' dir='ltr'><strong>bus</strong></span> <span class='ocrx_word' id='word_1_73' title='bbox 403 1886 467 1949; x_wconf 90' lang='lat' dir='ltr'><strong>illis</strong></span> <span class='ocrx_word' id='word_1_74' title='bbox 490 1892 564 1969; x_wconf 91' lang='lat' dir='ltr'><strong>post</strong></span> <span class='ocrx_word' id='word_1_75' title='bbox 588 1885 686 1967; x_wconf 87' lang='lat' dir='ltr'><strong>longa</strong></span> <span class='ocrx_word' id='word_1_76' title='bbox 710 1891 857 1968; x_wconf 90' lang='lat' dir='ltr'><strong>tempora</strong></span> <span class='ocrx_word' id='word_1_77' title='bbox 886 1884 1058 1949; x_wconf 85' lang='lat' dir='ltr'><strong>concilium</strong></span> <span class='ocrx_word' id='word_1_78' title='bbox 1086 1893 1316 1968; x_wconf 83' lang='lat' dir='ltr'><strong>aggregaretur</strong></span> 
     </span>
     <span class='ocr_line' id='line_1_13' title="bbox 313 1987 1316 2072; baseline 0 -20"><span class='ocrx_word' id='word_1_79' title='bbox 313 1989 528 2066; x_wconf 88' lang='lat' dir='ltr'><strong>sacerdotnm,</strong></span> <span class='ocrx_word' id='word_1_80' title='bbox 552 1995 591 2051; x_wconf 90' lang='lat' dir='ltr'><strong>ut</strong></span> <span class='ocrx_word' id='word_1_81' title='bbox 616 1988 687 2051; x_wconf 86' lang='lat' dir='ltr'><strong>haec</strong></span> <span class='ocrx_word' id='word_1_82' title='bbox 711 1987 885 2051; x_wconf 83' lang='lat' dir='ltr'><strong>schismata</strong></span> <span class='ocrx_word' id='word_1_83' title='bbox 910 1994 943 2051; x_wconf 92' lang='lat' dir='ltr'><strong>et</strong></span> <span class='ocrx_word' id='word_1_84' title='bbox 968 1987 1174 2070; x_wconf 85' lang='lat' dir='ltr'><strong>blasphemiae</strong></span> <span class='ocrx_word' id='word_1_85' title='bbox 1198 2009 1316 2072; x_wconf 90' lang='lat' dir='ltr'><strong>usque·</strong></span> 
     </span>
     <span class='ocr_line' id='line_1_14' title="bbox 313 2089 1314 2175; baseline -0.002 -19"><span class='ocrx_word' id='word_1_86' title='bbox 313 2111 441 2175; x_wconf 87' lang='lat' dir='ltr'><strong>quaque</strong></span> <span class='ocrx_word' id='word_1_87' title='bbox 470 2098 582 2155; x_wconf 90' lang='lat' dir='ltr'><strong>saneto</strong></span> <span class='ocrx_word' id='word_1_88' title='bbox 610 2097 716 2154; x_wconf 89' lang='lat' dir='ltr'><strong>vestro</strong></span> <span class='ocrx_word' id='word_1_89' title='bbox 745 2090 938 2173; x_wconf 91' lang='lat' dir='ltr'><strong>apostolatui</strong></span> <span class='ocrx_word' id='word_1_90' title='bbox 966 2089 1098 2154; x_wconf 91' lang='lat' dir='ltr'><strong>minime</strong></span> <span class='ocrx_word' id='word_1_91' title='bbox 1123 2091 1314 2155; x_wconf 87' lang='lat' dir='ltr'><strong>celarentur.</strong></span> 
     </span>
     <span class='ocr_line' id='line_1_15' title="bbox 314 2192 1316 2277; baseline -0.003 -18"><span class='ocrx_word' id='word_1_92' title='bbox 314 2194 493 2274; x_wconf 86' lang='lat' dir='ltr'><strong>Zacharias,</strong></span> <span class='ocrx_word' id='word_1_93' title='bbox 514 2194 734 2258; x_wconf 86' lang='lat' dir='ltr'><strong>sanctissimus</strong></span> <span class='ocrx_word' id='word_1_94' title='bbox 754 2213 791 2257; x_wconf 89' lang='lat' dir='ltr'><strong>ac</strong></span> <span class='ocrx_word' id='word_1_95' title='bbox 808 2192 1013 2257; x_wconf 88' lang='lat' dir='ltr'><strong>beatissimus</strong></span> <span class='ocrx_word' id='word_1_96' title='bbox 1032 2214 1125 2277; x_wconf 89' lang='lat' dir='ltr'><strong>papa,</strong></span> <span class='ocrx_word' id='word_1_97' title='bbox 1147 2193 1248 2259; x_wconf 84' lang='lat' dir='ltr'>dixit:</span> <span class='ocrx_word' id='word_1_98' title='bbox 1280 2193 1316 2256; x_wconf 89' lang='lat' dir='ltr'><strong>Si</strong></span> 
     </span>
     <span class='ocr_line' id='line_1_16' title="bbox 314 2296 1316 2382; baseline -0.001 -21"><span class='ocrx_word' id='word_1_99' title='bbox 314 2297 393 2381; x_wconf 88' lang='lat' dir='ltr'><strong>quid</strong></span> <span class='ocrx_word' id='word_1_100' title='bbox 407 2297 512 2362; x_wconf 88' lang='lat' dir='ltr'><strong>adhuc</strong></span> <span class='ocrx_word' id='word_1_101' title='bbox 531 2297 630 2361; x_wconf 89' lang='lat' dir='ltr'><strong>habet</strong></span> <span class='ocrx_word' id='word_1_102' title='bbox 645 2296 836 2361; x_wconf 89' lang='lat' dir='ltr'><strong>Deneardus</strong></span> <span class='ocrx_word' id='word_1_103' title='bbox 855 2297 1024 2379; x_wconf 88' lang='lat' dir='ltr'><strong>religiosus</strong></span> <span class='ocrx_word' id='word_1_104' title='bbox 1042 2297 1209 2382; x_wconf 87' lang='lat' dir='ltr'><strong>presbyter</strong></span> <span class='ocrx_word' id='word_1_105' title='bbox 1223 2297 1316 2361; x_wconf 92' lang='lat' dir='ltr'><strong>nobis</strong></span> 
     </span>
     <span class='ocr_line' id='line_1_17' title="bbox 314 2400 1315 2485; baseline 0.001 -21"><span class='ocrx_word' id='word_1_106' title='bbox 314 2401 478 2485; x_wconf 85' lang='lat' dir='ltr'><strong>porrigere</strong></span> <span class='ocrx_word' id='word_1_107' title='bbox 499 2401 717 2483; x_wconf 91' lang='lat' dir='ltr'><strong>relegendum,</strong></span> <span class='ocrx_word' id='word_1_108' title='bbox 740 2400 892 2483; x_wconf 84' lang='lat' dir='ltr'><strong>porrigat</strong></span> <span class='ocrx_word' id='word_1_109' title='bbox 943 2400 1131 2465; x_wconf 88' lang='lat' dir='ltr'><strong>Deneardus</strong></span> <span class='ocrx_word' id='word_1_110' title='bbox 1151 2401 1315 2485; x_wconf 89' lang='lat' dir='ltr'><strong>religiosus</strong></span> 
     </span>
     <span class='ocr_line' id='line_1_18' title="bbox 313 2503 1315 2589; baseline 0 -20"><span class='ocrx_word' id='word_1_111' title='bbox 313 2504 483 2589; x_wconf 89' lang='lat' dir='ltr'><strong>presbyter</strong></span> <span class='ocrx_word' id='word_1_112' title='bbox 496 2504 681 2588; x_wconf 88' lang='lat' dir='ltr'><strong>respondit:</strong></span> <span class='ocrx_word' id='word_1_113' title='bbox 704 2504 798 2581; x_wconf 84' lang='lat' dir='ltr'><strong>Eece,</strong></span> <span class='ocrx_word' id='word_1_114' title='bbox 811 2503 963 2582; x_wconf 87' lang='lat' dir='ltr'><strong>Domine,</strong></span> <span class='ocrx_word' id='word_1_115' title='bbox 975 2504 1151 2587; x_wconf 92' lang='lat' dir='ltr'><strong>epistolam,</strong></span> <span class='ocrx_word' id='word_1_116' title='bbox 1167 2527 1231 2588; x_wconf 91' lang='lat' dir='ltr'><strong>qua</strong></span> <span class='ocrx_word' id='word_1_117' title='bbox 1244 2512 1315 2569; x_wconf 89' lang='lat' dir='ltr'><strong>ute-</strong></span> 
     </span>
     <span class='ocr_line' id='line_1_19' title="bbox 312 2606 1315 2690; baseline 0.003 -20"><span class='ocrx_word' id='word_1_118' title='bbox 312 2606 420 2686; x_wconf 86' lang='lat' dir='ltr'><strong>batur,</strong></span> <span class='ocrx_word' id='word_1_119' title='bbox 432 2614 466 2672; x_wconf 91' lang='lat' dir='ltr'><strong>et</strong></span> <span class='ocrx_word' id='word_1_120' title='bbox 480 2606 665 2690; x_wconf 85' lang='lat' dir='ltr'><strong>divulgabat</strong></span> <span class='ocrx_word' id='word_1_121' title='bbox 680 2627 752 2670; x_wconf 88' lang='lat' dir='ltr'><strong>eam</strong></span> <span class='ocrx_word' id='word_1_122' title='bbox 767 2627 836 2670; x_wconf 92' lang='lat' dir='ltr'><strong>esse</strong></span> <span class='ocrx_word' id='word_1_123' title='bbox 851 2607 873 2669; x_wconf 86' lang='lat' dir='ltr'><strong>J</strong></span> <span class='ocrx_word' id='word_1_124' title='bbox 874 2628 940 2686; x_wconf 90' lang='lat' dir='ltr'><strong>esu,</strong></span> <span class='ocrx_word' id='word_1_125' title='bbox 956 2614 989 2671; x_wconf 92' lang='lat' dir='ltr'><strong>et</strong></span> <span class='ocrx_word' id='word_1_126' title='bbox 1004 2607 1044 2672; x_wconf 93' lang='lat' dir='ltr'><strong>de</strong></span> <span class='ocrx_word' id='word_1_127' title='bbox 1059 2609 1140 2673; x_wconf 90' lang='lat' dir='ltr'><strong>coelo</strong></span> <span class='ocrx_word' id='word_1_128' title='bbox 1154 2608 1315 2674; x_wconf 86' lang='lat' dir='ltr'><strong>cecidisse.</strong></span> 
     </span>
     <span class='ocr_line' id='line_1_20' title="bbox 313 2709 1315 2794; baseline 0.002 -20"><span class='ocrx_word' id='word_1_129' title='bbox 313 2710 359 2774; x_wconf 86' lang='lat' dir='ltr'><strong>Et</strong></span> <span class='ocrx_word' id='word_1_130' title='bbox 374 2710 533 2794; x_wconf 90' lang='lat' dir='ltr'><strong>accipiens</strong></span> <span class='ocrx_word' id='word_1_131' title='bbox 548 2709 774 2793; x_wconf 77' lang='lat' dir='ltr'><strong>Theophanius</strong></span> <span class='ocrx_word' id='word_1_132' title='bbox 794 2709 940 2773; x_wconf 87' lang='lat' dir='ltr'><strong>notarius</strong></span> <span class='ocrx_word' id='word_1_133' title='bbox 957 2711 1156 2794; x_wconf 83' lang='lat' dir='ltr'><strong>regionarius</strong></span> <span class='ocrx_word' id='word_1_134' title='bbox 1170 2719 1204 2776; x_wconf 95' lang='lat' dir='ltr'><strong>et</strong></span> <span class='ocrx_word' id='word_1_135' title='bbox 1218 2712 1315 2776; x_wconf 88' lang='lat' dir='ltr'><strong>sacel-</strong></span> 
     </span>
     <span class='ocr_line' id='line_1_21' title="bbox 313 2811 981 2896; baseline 0 -20"><span class='ocrx_word' id='word_1_136' title='bbox 313 2813 413 2876; x_wconf 80' lang='lat' dir='ltr'><strong>larius</strong></span> <span class='ocrx_word' id='word_1_137' title='bbox 427 2813 560 2895; x_wconf 87' lang='lat' dir='ltr'><strong>relegit:</strong></span> <span class='ocrx_word' id='word_1_138' title='bbox 582 2813 674 2896; x_wconf 88' lang='lat' dir='ltr'><strong>cujus</strong></span> <span class='ocrx_word' id='word_1_139' title='bbox 688 2811 821 2876; x_wconf 91' lang='lat' dir='ltr'><strong>initium</strong></span> <span class='ocrx_word' id='word_1_140' title='bbox 834 2812 900 2876; x_wconf 92' lang='lat' dir='ltr'><strong>tale</strong></span> <span class='ocrx_word' id='word_1_141' title='bbox 914 2819 981 2876; x_wconf 92' lang='lat' dir='ltr'><strong>est:</strong></span> 
     </span>
    </p>

    <p class='ocr_par' dir='ltr' id='par_1_4' title="bbox 358 2913 1318 2998">
     <span class='ocr_line' id='line_1_22' title="bbox 358 2913 1318 2998; baseline 0.002 -20"><span class='ocrx_word' id='word_1_142' title='bbox 358 2915 402 2978; x_wconf 89' lang='lat' dir='ltr'><strong>In</strong></span> <span class='ocrx_word' id='word_1_143' title='bbox 424 2914 487 2979; x_wconf 90' lang='lat' dir='ltr'><strong>Dei</strong></span> <span class='ocrx_word' id='word_1_144' title='bbox 509 2914 640 2979; x_wconf 91' lang='lat' dir='ltr'><strong>nomine</strong></span> <span class='ocrx_word' id='word_1_145' title='bbox 663 2913 779 2998; x_wconf 92' lang='lat' dir='ltr'><strong>incipit</strong></span> <span class='ocrx_word' id='word_1_146' title='bbox 802 2913 937 2997; x_wconf 91' lang='lat' dir='ltr'><strong>epistola</strong></span> <span class='ocrx_word' id='word_1_147' title='bbox 959 2915 1091 2980; x_wconf 91' lang='lat' dir='ltr'><strong>Domini</strong></span> <span class='ocrx_word' id='word_1_148' title='bbox 1112 2916 1216 2981; x_wconf 88' lang='lat' dir='ltr'><strong>nostri</strong></span> <span class='ocrx_word' id='word_1_149' title='bbox 1237 2917 1318 2980; x_wconf 85' lang='lat' dir='ltr'><strong>Jesu</strong></span> 
     </span>
    </p>
   </div>
   <div class='ocr_carea' id='block_1_3' title="bbox 313 3016 1319 3514">
    <p class='ocr_par' dir='ltr' id='par_1_5' title="bbox 313 3016 1319 3514">
     <span class='ocr_line' id='line_1_23' title="bbox 314 3016 1318 3102; baseline 0.002 -22"><span class='ocrx_word' id='word_1_150' title='bbox 314 3016 439 3081; x_wconf 88' lang='lat' dir='ltr'><strong>Christi</strong></span> <span class='ocrx_word' id='word_1_151' title='bbox 463 3017 522 3080; x_wconf 88' lang='lat' dir='ltr'><strong>filii</strong></span> <span class='ocrx_word' id='word_1_152' title='bbox 547 3016 619 3096; x_wconf 86' lang='lat' dir='ltr'><strong>Dei,</strong></span> <span class='ocrx_word' id='word_1_153' title='bbox 645 3038 716 3101; x_wconf 84' lang='lat' dir='ltr'><strong>quae</strong></span> <span class='ocrx_word' id='word_1_154' title='bbox 740 3017 777 3081; x_wconf 91' lang='lat' dir='ltr'><strong>in</strong></span> <span class='ocrx_word' id='word_1_155' title='bbox 804 3017 1031 3102; x_wconf 89' lang='lat' dir='ltr'><strong>Hierosolyma</strong></span> <span class='ocrx_word' id='word_1_156' title='bbox 1055 3018 1179 3098; x_wconf 86' lang='lat' dir='ltr'><strong>cecidit,</strong></span> <span class='ocrx_word' id='word_1_157' title='bbox 1202 3025 1236 3082; x_wconf 93' lang='lat' dir='ltr'><strong>et</strong></span> <span class='ocrx_word' id='word_1_158' title='bbox 1260 3039 1318 3102; x_wconf 91' lang='lat' dir='ltr'><strong>per</strong></span> 
     </span>
     <span class='ocr_line' id='line_1_24' title="bbox 314 3122 1317 3208; baseline -0.004 -19"><span class='ocrx_word' id='word_1_159' title='bbox 314 3125 459 3189; x_wconf 87' lang='lat' dir='ltr'><strong>Michael</strong></span> <span class='ocrx_word' id='word_1_160' title='bbox 478 3124 708 3208; x_wconf 86' lang='lat' dir='ltr'><strong>archangelum</strong></span> <span class='ocrx_word' id='word_1_161' title='bbox 727 3125 861 3188; x_wconf 87' lang='lat' dir='ltr'><strong>inventa</strong></span> <span class='ocrx_word' id='word_1_162' title='bbox 880 3130 929 3188; x_wconf 90' lang='lat' dir='ltr'><strong>est</strong></span> <span class='ocrx_word' id='word_1_163' title='bbox 949 3124 990 3187; x_wconf 90' lang='lat' dir='ltr'><strong>ad</strong></span> <span class='ocrx_word' id='word_1_164' title='bbox 1012 3131 1138 3208; x_wconf 87' lang='lat' dir='ltr'><strong>portam</strong></span> <span class='ocrx_word' id='word_1_165' title='bbox 1156 3122 1317 3206; x_wconf 85' lang='lat' dir='ltr'><strong>Ephrem:</strong></span> 
     </span>
     <span class='ocr_line' id='line_1_25' title="bbox 314 3225 1319 3312; baseline -0.005 -20"><span class='ocrx_word' id='word_1_166' title='bbox 314 3234 349 3292; x_wconf 89' lang='lat' dir='ltr'><strong>et</strong></span> <span class='ocrx_word' id='word_1_167' title='bbox 374 3249 432 3312; x_wconf 88' lang='lat' dir='ltr'><strong>per</strong></span> <span class='ocrx_word' id='word_1_168' title='bbox 454 3249 570 3292; x_wconf 87' lang='lat' dir='ltr'><strong>manus</strong></span> <span class='ocrx_word' id='word_1_169' title='bbox 594 3227 776 3307; x_wconf 88' lang='lat' dir='ltr'><strong>sacerdotis,</strong></span> <span class='ocrx_word' id='word_1_170' title='bbox 798 3228 931 3292; x_wconf 91' lang='lat' dir='ltr'><strong>nomine</strong></span> <span class='ocrx_word' id='word_1_171' title='bbox 954 3228 1076 3304; x_wconf 87' lang='lat' dir='ltr'><strong>Leorae,</strong></span> <span class='ocrx_word' id='word_1_172' title='bbox 1099 3225 1232 3309; x_wconf 88' lang='lat' dir='ltr'><strong>epistola</strong></span> <span class='ocrx_word' id='word_1_173' title='bbox 1255 3225 1319 3288; x_wconf 88' lang='lat' dir='ltr'><strong>ista</strong></span> 
     </span>
     <span class='ocr_line' id='line_1_26' title="bbox 313 3327 1318 3414; baseline -0.005 -18"><span class='ocrx_word' id='word_1_174' title='bbox 313 3331 435 3396; x_wconf 83' lang='lat' dir='ltr'><strong>relecta</strong></span> <span class='ocrx_word' id='word_1_175' title='bbox 447 3331 519 3410; x_wconf 83' lang='lat' dir='ltr'><strong>fuit,</strong></span> <span class='ocrx_word' id='word_1_176' title='bbox 534 3337 568 3396; x_wconf 91' lang='lat' dir='ltr'><strong>et</strong></span> <span class='ocrx_word' id='word_1_177' title='bbox 583 3331 780 3414; x_wconf 84' lang='lat' dir='ltr'><strong>exemplata:</strong></span> <span class='ocrx_word' id='word_1_178' title='bbox 804 3338 837 3396; x_wconf 91' lang='lat' dir='ltr'><strong>et</strong></span> <span class='ocrx_word' id='word_1_179' title='bbox 857 3330 1036 3395; x_wconf 89' lang='lat' dir='ltr'><strong>transmisit</strong></span> <span class='ocrx_word' id='word_1_180' title='bbox 1056 3351 1127 3393; x_wconf 89' lang='lat' dir='ltr'><strong>eam</strong></span> <span class='ocrx_word' id='word_1_181' title='bbox 1146 3328 1188 3393; x_wconf 91' lang='lat' dir='ltr'><strong>ad</strong></span> <span class='ocrx_word' id='word_1_182' title='bbox 1203 3327 1318 3392; x_wconf 91' lang='lat' dir='ltr'><strong>Hiere-</strong></span> 
     </span>
     <span class='ocr_line' id='line_1_27' title="bbox 314 3429 1317 3514; baseline -0.004 -15"><span class='ocrx_word' id='word_1_183' title='bbox 314 3429 416 3499; x_wconf 88' lang='lat' dir='ltr'><strong>miam</strong></span> <span class='ocrx_word' id='word_1_184' title='bbox 430 3430 593 3499; x_wconf 87' lang='lat' dir='ltr'><strong>civitatem</strong></span> <span class='ocrx_word' id='word_1_185' title='bbox 607 3435 649 3499; x_wconf 90' lang='lat' dir='ltr'><strong>ad</strong></span> <span class='ocrx_word' id='word_1_186' title='bbox 664 3435 764 3498; x_wconf 86' lang='lat' dir='ltr'><strong>aliurn</strong></span> <span class='ocrx_word' id='word_1_187' title='bbox 778 3435 986 3514; x_wconf 88' lang='lat' dir='ltr'><strong>sacerdotem,</strong></span> <span class='ocrx_word' id='word_1_188' title='bbox 996 3433 1128 3498; x_wconf 92' lang='lat' dir='ltr'><strong>nomine</strong></span> <span class='ocrx_word' id='word_1_189' title='bbox 1142 3432 1317 3497; x_wconf 76' lang='lat' dir='ltr'><strong>Talasium:</strong></span> 
     </span>
    </p>
   </div>
   <div class='ocr_carea' id='block_1_4' title="bbox 312 3537 1320 4551">
    <p class='ocr_par' dir='ltr' id='par_1_6' title="bbox 312 3537 1320 4551">
     <span class='ocr_line' id='line_1_28' title="bbox 313 3537 1318 3622; baseline -0.002 -20"><span class='ocrx_word' id='word_1_190' title='bbox 313 3544 348 3603; x_wconf 87' lang='lat' dir='ltr'><strong>et</strong></span> <span class='ocrx_word' id='word_1_191' title='bbox 367 3538 436 3622; x_wconf 88' lang='lat' dir='ltr'><strong>ipse</strong></span> <span class='ocrx_word' id='word_1_192' title='bbox 456 3538 601 3602; x_wconf 80' lang='lat' dir='ltr'><strong>&#39;Palasius</strong></span> <span class='ocrx_word' id='word_1_193' title='bbox 620 3538 799 3602; x_wconf 90' lang='lat' dir='ltr'><strong>transmisit</strong></span> <span class='ocrx_word' id='word_1_194' title='bbox 819 3538 955 3602; x_wconf 90' lang='lat' dir='ltr'><strong>eandem</strong></span> <span class='ocrx_word' id='word_1_195' title='bbox 977 3538 1018 3601; x_wconf 91' lang='lat' dir='ltr'><strong>ad</strong></span> <span class='ocrx_word' id='word_1_196' title='bbox 1037 3537 1190 3602; x_wconf 88' lang='lat' dir='ltr'><strong>Arabiam</strong></span> <span class='ocrx_word' id='word_1_197' title='bbox 1209 3537 1318 3601; x_wconf 84' lang='lat' dir='ltr'><strong>civita-</strong></span> 
     </span>
     <span class='ocr_line' id='line_1_29' title="bbox 313 3639 1318 3725; baseline -0.002 -19"><span class='ocrx_word' id='word_1_198' title='bbox 313 3649 393 3720; x_wconf 91' lang='lat' dir='ltr'><strong>tem,</strong></span> <span class='ocrx_word' id='word_1_199' title='bbox 409 3641 451 3706; x_wconf 88' lang='lat' dir='ltr'><strong>ad</strong></span> <span class='ocrx_word' id='word_1_200' title='bbox 470 3641 568 3706; x_wconf 87' lang='lat' dir='ltr'><strong>alium</strong></span> <span class='ocrx_word' id='word_1_201' title='bbox 589 3640 787 3706; x_wconf 89' lang='lat' dir='ltr'><strong>sacerdotem</strong></span> <span class='ocrx_word' id='word_1_202' title='bbox 807 3641 1030 3706; x_wconf 87' lang='lat' dir='ltr'><strong>Leobanium:</strong></span> <span class='ocrx_word' id='word_1_203' title='bbox 1054 3648 1087 3705; x_wconf 92' lang='lat' dir='ltr'><strong>et</strong></span> <span class='ocrx_word' id='word_1_204' title='bbox 1107 3643 1175 3725; x_wconf 91' lang='lat' dir='ltr'><strong>ipse</strong></span> <span class='ocrx_word' id='word_1_205' title='bbox 1195 3639 1318 3704; x_wconf 71' lang='lat' dir='ltr'><strong>Leoba</strong></span> 
     </span>
     <span class='ocr_line' id='line_1_30' title="bbox 314 3744 1318 3828; baseline 0 -20"><span class='ocrx_word' id='word_1_206' title='bbox 314 3745 390 3808; x_wconf 90' lang='lat' dir='ltr'><strong>nius</strong></span> <span class='ocrx_word' id='word_1_207' title='bbox 400 3745 578 3808; x_wconf 89' lang='lat' dir='ltr'><strong>transmisit</strong></span> <span class='ocrx_word' id='word_1_208' title='bbox 589 3745 757 3828; x_wconf 91' lang='lat' dir='ltr'><strong>epistolam</strong></span> <span class='ocrx_word' id='word_1_209' title='bbox 768 3745 865 3808; x_wconf 91' lang='lat' dir='ltr'><strong>istam</strong></span> <span class='ocrx_word' id='word_1_210' title='bbox 880 3744 922 3809; x_wconf 93' lang='lat' dir='ltr'><strong>ad</strong></span> <span class='ocrx_word' id='word_1_211' title='bbox 931 3744 1125 3808; x_wconf 85' lang='lat' dir='ltr'><strong>Wetfaviam</strong></span> <span class='ocrx_word' id='word_1_212' title='bbox 1139 3745 1318 3810; x_wconf 68' lang='lat' dir='ltr'><strong>civitatem!</strong></span> 
     </span>
     <span class='ocr_line' id='line_1_31' title="bbox 314 3847 1318 3932; baseline -0.002 -20"><span class='ocrx_word' id='word_1_213' title='bbox 314 3868 413 3931; x_wconf 86' lang='lat' dir='ltr'><strong>quam</strong></span> <span class='ocrx_word' id='word_1_214' title='bbox 429 3848 550 3932; x_wconf 91' lang='lat' dir='ltr'><strong>recepit</strong></span> <span class='ocrx_word' id='word_1_215' title='bbox 567 3847 755 3912; x_wconf 86' lang='lat' dir='ltr'><strong>Maoharius</strong></span> <span class='ocrx_word' id='word_1_216' title='bbox 774 3847 921 3912; x_wconf 84' lang='lat' dir='ltr'><strong>sacerdos</strong></span> <span class='ocrx_word' id='word_1_217' title='bbox 941 3848 1014 3925; x_wconf 90' lang='lat' dir='ltr'><strong>Dei,</strong></span> <span class='ocrx_word' id='word_1_218' title='bbox 1034 3855 1067 3912; x_wconf 90' lang='lat' dir='ltr'><strong>et</strong></span> <span class='ocrx_word' id='word_1_219' title='bbox 1086 3848 1264 3911; x_wconf 88' lang='lat' dir='ltr'><strong>transmisit</strong></span> <span class='ocrx_word' id='word_1_220' title='bbox 1284 3849 1318 3910; x_wconf 93' lang='lat' dir='ltr'><strong>in</strong></span> 
     </span>
     <span class='ocr_line' id='line_1_32' title="bbox 314 3951 1320 4037; baseline -0.001 -23"><span class='ocrx_word' id='word_1_221' title='bbox 314 3957 448 4015; x_wconf 59' lang='lat' dir='ltr'><strong>monem</strong></span> <span class='ocrx_word' id='word_1_222' title='bbox 462 3953 564 4037; x_wconf 79' lang='lat' dir='ltr'><strong>sancti</strong></span> <span class='ocrx_word' id='word_1_223' title='bbox 577 3953 719 4015; x_wconf 78' lang='lat' dir='ltr'><strong>Michuel</strong></span> <span class='ocrx_word' id='word_1_224' title='bbox 732 3953 921 4034; x_wconf 66' lang='lat' dir='ltr'><strong>archangeli.</strong></span> <span class='ocrx_word' id='word_1_225' title='bbox 966 3951 1009 4014; x_wconf 85' lang='lat' dir='ltr'><strong>Et</strong></span> <span class='ocrx_word' id='word_1_226' title='bbox 1023 3951 1093 4034; x_wconf 91' lang='lat' dir='ltr'><strong>ipsa</strong></span> <span class='ocrx_word' id='word_1_227' title='bbox 1112 3951 1246 4035; x_wconf 87' lang='lat' dir='ltr'><strong>epistola</strong></span> <span class='ocrx_word' id='word_1_228' title='bbox 1261 3965 1320 4034; x_wconf 86' lang='lat' dir='ltr'><strong>per</strong></span> 
     </span>
     <span class='ocr_line' id='line_1_33' title="bbox 314 4053 1318 4138; baseline -0.001 -21"><span class='ocrx_word' id='word_1_229' title='bbox 314 4075 433 4118; x_wconf 89' lang='lat' dir='ltr'><strong>manus</strong></span> <span class='ocrx_word' id='word_1_230' title='bbox 448 4055 555 4138; x_wconf 85' lang='lat' dir='ltr'><strong>angeli</strong></span> <span class='ocrx_word' id='word_1_231' title='bbox 569 4054 703 4119; x_wconf 91' lang='lat' dir='ltr'><strong>Domini</strong></span> <span class='ocrx_word' id='word_1_232' title='bbox 722 4054 868 4137; x_wconf 89' lang='lat' dir='ltr'><strong>pervenit</strong></span> <span class='ocrx_word' id='word_1_233' title='bbox 888 4054 929 4117; x_wconf 90' lang='lat' dir='ltr'><strong>ad</strong></span> <span class='ocrx_word' id='word_1_234' title='bbox 945 4055 1124 4118; x_wconf 84' lang='lat' dir='ltr'><strong>Romanam</strong></span> <span class='ocrx_word' id='word_1_235' title='bbox 1145 4053 1318 4132; x_wconf 85' lang='lat' dir='ltr'><strong>civitatem,</strong></span> 
     </span>
     <span class='ocr_line' id='line_1_34' title="bbox 314 4155 1319 4241; baseline 0 -21"><span class='ocrx_word' id='word_1_236' title='bbox 314 4157 358 4220; x_wconf 89' lang='lat' dir='ltr'><strong>ad</strong></span> <span class='ocrx_word' id='word_1_237' title='bbox 371 4158 478 4221; x_wconf 88' lang='lat' dir='ltr'><strong>locum</strong></span> <span class='ocrx_word' id='word_1_238' title='bbox 498 4157 658 4241; x_wconf 91' lang='lat' dir='ltr'><strong>sepulchri</strong></span> <span class='ocrx_word' id='word_1_239' title='bbox 677 4157 781 4220; x_wconf 91' lang='lat' dir='ltr'><strong>sancti</strong></span> <span class='ocrx_word' id='word_1_240' title='bbox 796 4157 896 4235; x_wconf 88' lang='lat' dir='ltr'><strong>Petri,</strong></span> <span class='ocrx_word' id='word_1_241' title='bbox 912 4156 969 4220; x_wconf 91' lang='lat' dir='ltr'><strong>ubi</strong></span> <span class='ocrx_word' id='word_1_242' title='bbox 990 4157 1093 4220; x_wconf 90' lang='lat' dir='ltr'><strong>claves</strong></span> <span class='ocrx_word' id='word_1_243' title='bbox 1113 4156 1205 4238; x_wconf 87' lang='lat' dir='ltr'><strong>regni</strong></span> <span class='ocrx_word' id='word_1_244' title='bbox 1223 4155 1319 4220; x_wconf 90' lang='lat' dir='ltr'><strong>coelo·</strong></span> 
     </span>
     <span class='ocr_line' id='line_1_35' title="bbox 313 4258 1319 4344; baseline -0.004 -20"><span class='ocrx_word' id='word_1_245' title='bbox 313 4281 389 4324; x_wconf 89' lang='lat' dir='ltr'><strong>rum</strong></span> <span class='ocrx_word' id='word_1_246' title='bbox 409 4261 594 4324; x_wconf 72' lang='lat' dir='ltr'><strong>constitutae</strong></span> <span class='ocrx_word' id='word_1_247' title='bbox 614 4266 711 4323; x_wconf 79' lang='lat' dir='ltr'><strong>suntz</strong></span> <span class='ocrx_word' id='word_1_248' title='bbox 734 4267 768 4323; x_wconf 91' lang='lat' dir='ltr'><strong>et</strong></span> <span class='ocrx_word' id='word_1_249' title='bbox 789 4259 958 4324; x_wconf 89' lang='lat' dir='ltr'><strong>duodecim</strong></span> <span class='ocrx_word' id='word_1_250' title='bbox 978 4259 1096 4344; x_wconf 85' lang='lat' dir='ltr'><strong>papati,</strong></span> <span class='ocrx_word' id='word_1_251' title='bbox 1112 4258 1168 4342; x_wconf 90' lang='lat' dir='ltr'><strong>qui</strong></span> <span class='ocrx_word' id='word_1_252' title='bbox 1189 4265 1264 4322; x_wconf 90' lang='lat' dir='ltr'><strong>sunt</strong></span> <span class='ocrx_word' id='word_1_253' title='bbox 1283 4259 1319 4320; x_wconf 89' lang='lat' dir='ltr'><strong>in</strong></span> 
     </span>
     <span class='ocr_line' id='line_1_36' title="bbox 316 4362 1319 4446; baseline -0.001 -19"><span class='ocrx_word' id='word_1_254' title='bbox 316 4364 465 4427; x_wconf 83' lang='lat' dir='ltr'><strong>Romana</strong></span> <span class='ocrx_word' id='word_1_255' title='bbox 484 4363 622 4442; x_wconf 87' lang='lat' dir='ltr'><strong>civitate,</strong></span> <span class='ocrx_word' id='word_1_256' title='bbox 644 4363 811 4427; x_wconf 86' lang='lat' dir='ltr'><strong>triduanas</strong></span> <span class='ocrx_word' id='word_1_257' title='bbox 835 4364 982 4428; x_wconf 85' lang='lat' dir='ltr'><strong>fecerunt</strong></span> <span class='ocrx_word' id='word_1_258' title='bbox 1005 4362 1137 4446; x_wconf 88' lang='lat' dir='ltr'><strong>vigilias,</strong></span> <span class='ocrx_word' id='word_1_259' title='bbox 1160 4362 1249 4426; x_wconf 90' lang='lat' dir='ltr'><strong>etin</strong></span> <span class='ocrx_word' id='word_1_260' title='bbox 1271 4363 1319 4446; x_wconf 86' lang='lat' dir='ltr'><strong>je·</strong></span> 
     </span>
     <span class='ocr_line' id='line_1_37' title="bbox 312 4465 1318 4551; baseline 0 -21"><span class='ocrx_word' id='word_1_261' title='bbox 312 4466 415 4551; x_wconf 89' lang='lat' dir='ltr'><strong>juniis</strong></span> <span class='ocrx_word' id='word_1_262' title='bbox 436 4475 471 4531; x_wconf 91' lang='lat' dir='ltr'><strong>et</strong></span> <span class='ocrx_word' id='word_1_263' title='bbox 488 4467 687 4531; x_wconf 89' lang='lat' dir='ltr'><strong>erationibus</strong></span> <span class='ocrx_word' id='word_1_264' title='bbox 707 4473 954 4550; x_wconf 86' lang='lat' dir='ltr'><strong>permanserunt</strong></span> <span class='ocrx_word' id='word_1_265' title='bbox 970 4465 1082 4530; x_wconf 89' lang='lat' dir='ltr'><strong>diebus</strong></span> <span class='ocrx_word' id='word_1_266' title='bbox 1097 4487 1134 4530; x_wconf 87' lang='lat' dir='ltr'><strong>ac</strong></span> <span class='ocrx_word' id='word_1_267' title='bbox 1153 4465 1318 4530; x_wconf 88' lang='lat' dir='ltr'><strong>noctibus:</strong></span> 
     </span>
    </p>
   </div>
   <div class='ocr_carea' id='block_1_5' title="bbox 316 4571 930 4737">
    <p class='ocr_par' dir='ltr' id='par_1_7' title="bbox 316 4571 930 4737">
     <span class='ocr_line' id='line_1_38' title="bbox 316 4571 930 4654; baseline 0.002 -21"><span class='ocrx_word' id='word_1_268' title='bbox 316 4578 351 4633; x_wconf 90' lang='lat' dir='ltr'><strong>et</strong></span> <span class='ocrx_word' id='word_1_269' title='bbox 365 4577 481 4635; x_wconf 84' lang='lat' dir='ltr'><strong>eaetera</strong></span> <span class='ocrx_word' id='word_1_270' title='bbox 494 4591 596 4654; x_wconf 89' lang='lat' dir='ltr'><strong>usque</strong></span> <span class='ocrx_word' id='word_1_271' title='bbox 611 4571 652 4634; x_wconf 87' lang='lat' dir='ltr'><strong>ad</strong></span> <span class='ocrx_word' id='word_1_272' title='bbox 666 4571 765 4635; x_wconf 92' lang='lat' dir='ltr'><strong>finem</strong></span> <span class='ocrx_word' id='word_1_273' title='bbox 779 4572 930 4652; x_wconf 87' lang='lat' dir='ltr'><strong>perlecta.</strong></span> 
     </span>
     <span class='ocr_line' id='line_1_39' title="bbox 791 4678 849 4737; baseline 0 0"><span class='ocrx_word' id='word_1_274' title='bbox 791 4696 812 4737; x_wconf 88' lang='lat' dir='ltr'><strong>n</strong></span> <span class='ocrx_word' id='word_1_275' title='bbox 829 4678 849 4737; x_wconf 79' lang='lat'>2</span> 
     </span>
    </p>
   </div>
   <div class='ocr_carea' id='block_1_6' title="bbox 0 0 1639 5467">
    <p class='ocr_par' dir='ltr' id='par_1_8' title="bbox 0 0 1639 5467">
     <span class='ocr_line' id='line_1_40' title="bbox 0 0 1639 5467; baseline 0 0"><span class='ocrx_word' id='word_1_276' title='bbox 0 0 1639 5467; x_wconf 95' lang='lat' dir='ltr'><strong> </strong></span> 
     </span>
    </p>
   </div>
  </div>
 </body>
</html>
