3259 5467
523 746 563 787 nr
579 746 754 788 nanrvnrs
770 746 943 790 conciam.
1188 727 1237 788 29⁴

696 976 764 1056 111.

274 1109 400 1174 Idcirco
424 1111 650 1175 constituimus
678 1133 737 1196 per
766 1111 936 1176 consilium
965 1111 1167 1177 sacerdotum
1196 1122 1230 1178 et

228 1213 425 1296 optimatum
435 1235 556 1293 eorum,
567 1220 600 1278 ct
614 1215 831 1279 ordinavimus
842 1236 900 1298 per
911 1215 1053 1280 civitates
1068 1216 1229 1299 legitimos

228 1316 394 1401 episcopos
404 1343 415 1396 ;
445 1324 479 1382 et
500 1318 619 1382 idcirco
638 1318 867 1384 constituimus
887 1340 982 1402 super
1000 1340 1053 1384 eos
1076 1319 1228 1404 archiepi-

229 1441 342 1504 scopos
367 1419 454 1486 Abel
473 1427 506 1484 ct
524 1419 764 1486 Ardohertum:
790 1427 826 1484 ut
847 1421 889 1485 ad
907 1421 1030 1507 judicia
1053 1443 1165 1487 eorum
1188 1424 1228 1488 de

227 1523 320 1587 omni
344 1524 536 1588 necessitate
559 1524 772 1589 ecclesiastica
794 1532 964 1590 recurrant
988 1532 1057 1589 tam
1079 1526 1227 1611 episcopi,

229 1648 328 1710 quam
354 1627 435 1690 alins
459 1627 596 1712 populus
607 1653 617 1706 ;
639 1634 678 1692 ut
703 1628 782 1692 ordo
804 1628 1035 1692 monachorum
1059 1630 1109 1693 vel
1131 1630 1227 1693 ancil-

227 1730 334 1792 larum
349 1730 412 1794 Dei
427 1731 605 1795 secundum
627 1731 773 1814 regulam
795 1737 940 1795 sanctam
961 1731 1084 1796 stabilis
1103 1754 1227 1816 perma-

228 1840 317 1911 neat,
335 1839 369 1897 ct
389 1834 429 1898 de
447 1834 544 1898 rebus
562 1833 781 1898 ecclesiasticis
804 1834 976 1898 subtractis
993 1836 1157 1899 monachis
1178 1838 1228 1901 vel

228 1936 353 2000 ancillis
368 1937 431 2001 Dei
445 1938 659 2016 consolentur,
675 1959 775 2020 usque
795 1937 837 2001 ad
856 1937 936 2001 dum
949 1937 1078 2001 illorum
1092 1939 1227 2003 necessi-

227 2040 291 2105 tati
306 2039 513 2119 satisfaciant,
529 2047 561 2105 et
581 2041 667 2123 quod
687 2041 893 2123 superaverit,
910 2061 1025 2104 census
1047 2042 1178 2119 levetur,
1195 2049 1228 2106 et

228 2142 361 2207 abbates
376 2143 513 2227 legitimi
527 2143 654 2207 hostem
668 2165 736 2207 non
753 2143 883 2222 faciant,
899 2143 962 2207 nisi
980 2149 1108 2207 tantum
1124 2145 1229 2209 homi-

227 2269 286 2311 nes
301 2268 414 2311 eorum
428 2246 662 2326 transmittant,
677 2254 711 2311 et
733 2269 844 2311 omncs
860 2247 965 2311 clerici
983 2246 1227 2312 fornicationem

227 2373 296 2421 non
310 2351 441 2429 faciant,
458 2372 518 2414 nec
532 2350 681 2414 habitum
691 2350 845 2415 laicorum
860 2357 1000 2434 portent,
1012 2372 1072 2415 nec
1087 2351 1227 2417 habeant

227 2475 324 2519 canes
339 2461 377 2518 ut
393 2455 578 2519 venationes
591 2454 722 2533 faciant,
738 2476 799 2518 nec
814 2454 979 2538 accipitres
992 2462 1133 2539 portent.

696 2742 757 2806 IV.

271 2858 428 2922 Similiter
438 2858 646 2937 decrevimus,
655 2865 693 2922 ut
704 2859 778 2922 laici
792 2857 939 2923 homines
949 2860 1093 2942 legitime
1107 2861 1225 2943 vivant,

224 2969 259 3028 et
289 2962 428 3026 diversas
456 2961 683 3026 fornicationes
712 2983 780 3025 non
808 2962 939 3043 faciant,
968 2970 1001 3027 et
1024 2964 1165 3048 perjuria
1189 2965 1225 3028 in

225 3066 359 3131 ecclesia
373 3087 440 3129 non
455 3066 669 3144 consentiant,
681 3072 714 3130 et
728 3065 810 3129 falsa
824 3067 1009 3130 testimonia
1024 3088 1091 3131 non
1106 3067 1225 3146 dicant,

224 3177 258 3250 et
288 3169 453 3232 ecclesiam
482 3168 545 3234 Dei
568 3169 604 3231 in
633 3168 722 3233 omni
751 3169 940 3232 necessitate
966 3177 1165 3247 conservent,
1192 3177 1225 3234 et

224 3271 446 3356 unusquisque
471 3272 647 3356 presbyter,
674 3272 728 3356 qui
753 3272 789 3335 in
814 3272 965 3356 parochia
995 3278 1053 3344 est,
1079 3272 1225 3356 episcopo

223 3375 378 3441 obediens
401 3383 434 3441 et
454 3376 617 3460 subjectus
640 3375 701 3439 sit:
726 3382 759 3439 ct
777 3397 903 3458 semper
923 3376 959 3439 in
981 3396 1072 3439 coena
1092 3377 1225 3441 Domini

222 3481 384 3544 rationem
398 3485 431 3543 et
448 3479 594 3543 ordinem
613 3478 784 3543 ministerii
806 3501 865 3543 suo
885 3479 1032 3564 episcopo
1051 3480 1174 3560 reddat,
1191 3488 1224 3545 et

222 3583 364 3648 chrisma
381 3589 414 3647 et
434 3584 541 3646 oleum
560 3590 671 3667 petat:
695 3590 728 3647 et
747 3583 878 3667 quando
895 3584 969 3668 jure
987 3584 1142 3649 canonico
1158 3586 1223 3670 epi-

223 3709 338 3771 scopus
358 3686 506 3751 circumit
528 3686 712 3770 parochiam
727 3687 769 3750 ad
783 3688 1040 3751 confirmandum
1056 3690 1221 3773 populum,

223 3790 358 3855 abbates
378 3797 411 3854 et
432 3790 612 3874 presbyteri
629 3791 733 3875 parati
753 3790 820 3854 sint
842 3789 882 3854 ad
902 3792 1141 3875 suscipiendum
1156 3794 1222 3878 epi-

222 3916 354 3980 scopum
369 3894 405 3957 in
421 3894 618 3978 adjutorium
634 3882 844 3959 necessitatis.

699 4174 743 4238 V.

262 4292 308 4357 Et
326 4291 509 4372 statuimus,
523 4300 562 4357 ut
582 4275 841 4377 supervenientes
861 4292 999 4378 episcopi
1018 4290 1068 4353 vel
1089 4290 1219 4376 presby-

218 4397 282 4460 teri
296 4395 338 4459 de
352 4395 422 4458 aliis
437 4396 623 4480 regionibus
637 4419 705 4462 non
724 4397 939 4481 suscipiantur
953 4396 989 4459 in
1004 4392 1218 4460 ministerium

220 4498 372 4578 ecclesiae,
394 4499 457 4562 nisi
481 4501 570 4584 prius
592 4501 713 4567 fuerint
734 4501 861 4586 probati
883 4501 923 4564 ab
946 4498 1102 4583 episcopo,
1126 4499 1219 4583 cujus

221 4601 372 4686 parochia
386 4609 444 4666 est.
