<?xml version="1.0" encoding="UTF-8"?>
<!DOCTYPE html PUBLIC "-//W3C//DTD XHTML 1.0 Transitional//EN"
    "http://www.w3.org/TR/xhtml1/DTD/xhtml1-transitional.dtd">
<html xmlns="http://www.w3.org/1999/xhtml" xml:lang="en" lang="en">
 <head>
  <title>
</title>
<meta http-equiv="Content-Type" content="text/html;charset=utf-8" />
  <meta name='ocr-system' content='tesseract 3.04.00' />
  <meta name='ocr-capabilities' content='ocr_page ocr_carea ocr_par ocr_line ocrx_word'/>
</head>
<body>
  <div class='ocr_page' id='page_1' title='image "./operaquaeextant00bonigoog_0100.png"; bbox 0 0 3259 5467; ppageno 0'>
   <div class='ocr_carea' id='block_1_1' title="bbox 623 697 1339 762">
    <p class='ocr_par' dir='ltr' id='par_1_1' title="bbox 623 697 1339 762">
     <span class='ocr_line' id='line_1_1' title="bbox 623 697 1339 762; baseline -0.003 -1"><span class='ocrx_word' id='word_1_1' title='bbox 623 719 664 761; x_wconf 84' lang='lat' dir='ltr'>rr</span> <span class='ocrx_word' id='word_1_2' title='bbox 680 718 854 762; x_wconf 74' lang='lat' dir='ltr'>naariam</span> <span class='ocrx_word' id='word_1_3' title='bbox 870 714 1054 762; x_wconf 76' lang='lat' dir='ltr'>arenosus.</span> <span class='ocrx_word' id='word_1_4' title='bbox 1295 697 1339 759; x_wconf 79' lang='grc'>98</span> 
     </span>
    </p>
   </div>
   <div class='ocr_carea' id='block_1_2' title="bbox 318 858 1338 3832">
    <p class='ocr_par' dir='ltr' id='par_1_2' title="bbox 318 858 1338 3832">
     <span class='ocr_line' id='line_1_2' title="bbox 334 858 1336 941; baseline 0.002 -20"><span class='ocrx_word' id='word_1_5' title='bbox 334 859 397 930; x_wconf 72' lang='lat' dir='ltr'>Qut</span> <span class='ocrx_word' id='word_1_6' title='bbox 411 860 551 922; x_wconf 80' lang='lat' dir='ltr'>detrabit</span> <span class='ocrx_word' id='word_1_7' title='bbox 563 858 668 941; x_wconf 70' lang='lat' dir='ltr'>fratri</span> <span class='ocrx_word' id='word_1_8' title='bbox 688 880 743 923; x_wconf 81' lang='lat' dir='ltr'>eno</span> <span class='ocrx_word' id='word_1_9' title='bbox 765 860 977 923; x_wconf 80' lang='lat' dir='ltr'>eradicabitur</span> <span class='ocrx_word' id='word_1_10' title='bbox 997 859 1037 922; x_wconf 85' lang='lat' dir='ltr'>de</span> <span class='ocrx_word' id='word_1_11' title='bbox 1058 865 1145 922; x_wconf 81' lang='lat' dir='ltr'>terre</span> <span class='ocrx_word' id='word_1_12' title='bbox 1161 860 1336 923; x_wconf 63' lang='lat' dir='ltr'>tamtam.</span> 
     </span>
     <span class='ocr_line' id='line_1_3' title="bbox 333 961 1338 1048; baseline 0.004 -25"><span class='ocrx_word' id='word_1_13' title='bbox 333 961 447 1025; x_wconf 92' lang='lat' dir='ltr'>Nolite</span> <span class='ocrx_word' id='word_1_14' title='bbox 461 963 661 1042; x_wconf 85' lang='lat' dir='ltr'>maledicere,</span> <span class='ocrx_word' id='word_1_15' title='bbox 678 963 754 1046; x_wconf 91' lang='lat' dir='ltr'>quia</span> <span class='ocrx_word' id='word_1_16' title='bbox 768 963 924 1046; x_wconf 86' lang='lat' dir='ltr'>scriptum</span> <span class='ocrx_word' id='word_1_17' title='bbox 939 969 998 1041; x_wconf 85' lang='lat' dir='ltr'>cst,</span> <span class='ocrx_word' id='word_1_18' title='bbox 1013 983 1108 1048; x_wconf 82' lang='lat' dir='ltr'>nepae</span> <span class='ocrx_word' id='word_1_19' title='bbox 1122 963 1338 1027; x_wconf 69' lang='lat' dir='ltr'>maledicentes</span> 
     </span>
     <span class='ocr_line' id='line_1_4' title="bbox 332 1065 1336 1148; baseline 0.006 -24"><span class='ocrx_word' id='word_1_20' title='bbox 332 1083 461 1145; x_wconf 65' lang='lat' dir='ltr'>requam</span> <span class='ocrx_word' id='word_1_21' title='bbox 485 1067 547 1129; x_wconf 74' lang='lat' dir='ltr'>Dre&#39;</span> <span class='ocrx_word' id='word_1_22' title='bbox 569 1067 780 1148; x_wconf 76' lang='lat' dir='ltr'>pmaidebaat.</span> <span class='ocrx_word' id='word_1_23' title='bbox 826 1065 938 1130; x_wconf 86' lang='lat' dir='ltr'>Nolite</span> <span class='ocrx_word' id='word_1_24' title='bbox 966 1065 1085 1130; x_wconf 83' lang='lat' dir='ltr'>falsum</span> <span class='ocrx_word' id='word_1_25' title='bbox 1114 1066 1336 1131; x_wconf 88' lang='lat' dir='ltr'>testimonium</span> 
     </span>
     <span class='ocr_line' id='line_1_5' title="bbox 332 1165 1336 1252; baseline 0.001 -21"><span class='ocrx_word' id='word_1_26' title='bbox 332 1165 449 1245; x_wconf 88' lang='lat' dir='ltr'>dicere,</span> <span class='ocrx_word' id='word_1_27' title='bbox 465 1168 540 1250; x_wconf 91' lang='lat' dir='ltr'>quia</span> <span class='ocrx_word' id='word_1_28' title='bbox 560 1170 715 1252; x_wconf 89' lang='lat' dir='ltr'>scriptum</span> <span class='ocrx_word' id='word_1_29' title='bbox 735 1176 794 1248; x_wconf 84' lang='lat' dir='ltr'>cst,</span> <span class='ocrx_word' id='word_1_30' title='bbox 813 1170 912 1233; x_wconf 75' lang='lat' dir='ltr'>Testis</span> <span class='ocrx_word' id='word_1_31' title='bbox 924 1167 1031 1250; x_wconf 73' lang='lat' dir='ltr'>salsus</span> <span class='ocrx_word' id='word_1_32' title='bbox 1045 1190 1113 1233; x_wconf 76' lang='lat' dir='ltr'>noa</span> <span class='ocrx_word' id='word_1_33' title='bbox 1127 1171 1188 1233; x_wconf 83' lang='lat' dir='ltr'>erit</span> <span class='ocrx_word' id='word_1_34' title='bbox 1201 1169 1336 1250; x_wconf 76' lang='lat' dir='ltr'>impaui-</span> 
     </span>
     <span class='ocr_line' id='line_1_6' title="bbox 331 1265 1337 1356; baseline 0.005 -26"><span class='ocrx_word' id='word_1_35' title='bbox 331 1275 393 1333; x_wconf 83' lang='lat' dir='ltr'>tas.</span> <span class='ocrx_word' id='word_1_36' title='bbox 438 1271 551 1335; x_wconf 83' lang='lat' dir='ltr'>Nolite</span> <span class='ocrx_word' id='word_1_37' title='bbox 569 1273 700 1336; x_wconf 88' lang='lat' dir='ltr'>mentiri</span> <span class='ocrx_word' id='word_1_38' title='bbox 714 1278 845 1356; x_wconf 90' lang='lat' dir='ltr'>propter</span> <span class='ocrx_word' id='word_1_39' title='bbox 860 1272 947 1355; x_wconf 91' lang='lat' dir='ltr'>quod</span> <span class='ocrx_word' id='word_1_40' title='bbox 961 1265 1116 1356; x_wconf 81' lang='lat' dir='ltr'>scriptum</span> <span class='ocrx_word' id='word_1_41' title='bbox 1131 1279 1240 1350; x_wconf 63' lang='lat' dir='ltr'>estes</span> <span class='ocrx_word' id='word_1_42' title='bbox 1253 1272 1337 1354; x_wconf 71' lang='lat' dir='ltr'>pared</span> 
     </span>
     <span class='ocr_line' id='line_1_7' title="bbox 331 1374 1334 1441; baseline 0.004 -6"><span class='ocrx_word' id='word_1_43' title='bbox 331 1374 480 1436; x_wconf 77' lang='lat' dir='ltr'>mentitur</span> <span class='ocrx_word' id='word_1_44' title='bbox 508 1376 621 1438; x_wconf 82' lang='lat' dir='ltr'>occidit</span> <span class='ocrx_word' id='word_1_45' title='bbox 654 1377 800 1439; x_wconf 81' lang='lat' dir='ltr'>animem.</span> <span class='ocrx_word' id='word_1_46' title='bbox 860 1376 972 1439; x_wconf 88' lang='lat' dir='ltr'>Nolite</span> <span class='ocrx_word' id='word_1_47' title='bbox 1006 1397 1060 1439; x_wconf 92' lang='lat' dir='ltr'>vos</span> <span class='ocrx_word' id='word_1_48' title='bbox 1093 1376 1231 1440; x_wconf 89' lang='lat' dir='ltr'>invicem</span> <span class='ocrx_word' id='word_1_49' title='bbox 1260 1376 1334 1441; x_wconf 93' lang='lat' dir='ltr'>odio</span> 
     </span>
     <span class='ocr_line' id='line_1_8' title="bbox 329 1476 1333 1562; baseline 0.004 -22"><span class='ocrx_word' id='word_1_50' title='bbox 329 1476 460 1556; x_wconf 92' lang='lat' dir='ltr'>habere,</span> <span class='ocrx_word' id='word_1_51' title='bbox 476 1478 552 1561; x_wconf 91' lang='lat' dir='ltr'>quia</span> <span class='ocrx_word' id='word_1_52' title='bbox 574 1479 729 1562; x_wconf 87' lang='lat' dir='ltr'>scriptum</span> <span class='ocrx_word' id='word_1_53' title='bbox 751 1484 809 1557; x_wconf 90' lang='lat' dir='ltr'>est,</span> <span class='ocrx_word' id='word_1_54' title='bbox 827 1480 879 1560; x_wconf 84' lang='lat' dir='ltr'>pai</span> <span class='ocrx_word' id='word_1_55' title='bbox 894 1479 960 1542; x_wconf 84' lang='lat' dir='ltr'>odit</span> <span class='ocrx_word' id='word_1_56' title='bbox 973 1477 1114 1559; x_wconf 77' lang='lat' dir='ltr'>fratrem</span> <span class='ocrx_word' id='word_1_57' title='bbox 1135 1500 1223 1542; x_wconf 73' lang='lat' dir='ltr'>mam</span> <span class='ocrx_word' id='word_1_58' title='bbox 1238 1482 1333 1544; x_wconf 82' lang='lat' dir='ltr'>lwmi-</span> 
     </span>
     <span class='ocr_line' id='line_1_9' title="bbox 329 1581 1333 1668; baseline 0.005 -26"><span class='ocrx_word' id='word_1_59' title='bbox 329 1581 403 1643; x_wconf 83' lang='lat' dir='ltr'>cide</span> <span class='ocrx_word' id='word_1_60' title='bbox 425 1587 481 1659; x_wconf 84' lang='lat' dir='ltr'>est,</span> <span class='ocrx_word' id='word_1_61' title='bbox 497 1582 572 1664; x_wconf 93' lang='lat' dir='ltr'>quia</span> <span class='ocrx_word' id='word_1_62' title='bbox 594 1583 787 1665; x_wconf 89' lang='lat' dir='ltr'>quicumque</span> <span class='ocrx_word' id='word_1_63' title='bbox 809 1581 921 1645; x_wconf 87' lang='lat' dir='ltr'>feeerit</span> <span class='ocrx_word' id='word_1_64' title='bbox 942 1581 1003 1646; x_wconf 89' lang='lat' dir='ltr'>hoe</span> <span class='ocrx_word' id='word_1_65' title='bbox 1024 1583 1111 1660; x_wconf 89' lang='lat' dir='ltr'>mali,</span> <span class='ocrx_word' id='word_1_66' title='bbox 1130 1583 1235 1666; x_wconf 82' lang='lat' dir='ltr'>perdit</span> <span class='ocrx_word' id='word_1_67' title='bbox 1256 1583 1333 1668; x_wconf 90' lang='lat' dir='ltr'>hap·</span> 
     </span>
     <span class='ocr_line' id='line_1_10' title="bbox 328 1682 1333 1769; baseline 0.006 -23"><span class='ocrx_word' id='word_1_68' title='bbox 328 1682 419 1746; x_wconf 86' lang='lat' dir='ltr'>tismi</span> <span class='ocrx_word' id='word_1_69' title='bbox 439 1692 685 1747; x_wconf 87' lang='lat' dir='ltr'>sacramentum.</span> <span class='ocrx_word' id='word_1_70' title='bbox 730 1683 844 1747; x_wconf 83' lang='lat' dir='ltr'>Nolite</span> <span class='ocrx_word' id='word_1_71' title='bbox 865 1683 970 1747; x_wconf 84' lang='lat' dir='ltr'>iacere</span> <span class='ocrx_word' id='word_1_72' title='bbox 992 1684 1115 1747; x_wconf 82' lang='lat' dir='ltr'>furtum</span> <span class='ocrx_word' id='word_1_73' title='bbox 1135 1685 1170 1749; x_wconf 92' lang='lat' dir='ltr'>in</span> <span class='ocrx_word' id='word_1_74' title='bbox 1190 1687 1333 1769; x_wconf 85' lang='lat' dir='ltr'>quolibet</span> 
     </span>
     <span class='ocr_line' id='line_1_11' title="bbox 328 1786 1332 1869; baseline 0.006 -20"><span class='ocrx_word' id='word_1_75' title='bbox 328 1786 472 1869; x_wconf 87' lang='lat' dir='ltr'>ingenio.</span> <span class='ocrx_word' id='word_1_76' title='bbox 518 1786 775 1850; x_wconf 70' lang='lat' dir='ltr'>Fraudesnolite</span> <span class='ocrx_word' id='word_1_77' title='bbox 790 1787 1001 1851; x_wconf 83' lang='lat' dir='ltr'>committere.</span> <span class='ocrx_word' id='word_1_78' title='bbox 1048 1788 1192 1852; x_wconf 79' lang='lat' dir='ltr'>Statores</span> <span class='ocrx_word' id='word_1_79' title='bbox 1207 1789 1332 1855; x_wconf 87' lang='lat' dir='ltr'>dolosas</span> 
     </span>
     <span class='ocr_line' id='line_1_12' title="bbox 329 1889 1331 1973; baseline 0.004 -21"><span class='ocrx_word' id='word_1_80' title='bbox 329 1896 361 1952; x_wconf 89' lang='lat' dir='ltr'>et</span> <span class='ocrx_word' id='word_1_81' title='bbox 377 1910 545 1953; x_wconf 88' lang='lat' dir='ltr'>mensuras</span> <span class='ocrx_word' id='word_1_82' title='bbox 561 1889 704 1973; x_wconf 86' lang='lat' dir='ltr'>duplices</span> <span class='ocrx_word' id='word_1_83' title='bbox 720 1890 810 1973; x_wconf 89' lang='lat' dir='ltr'>quasi</span> <span class='ocrx_word' id='word_1_84' title='bbox 826 1889 990 1953; x_wconf 82' lang='lat' dir='ltr'>mortifera</span> <span class='ocrx_word' id='word_1_85' title='bbox 1003 1910 1128 1953; x_wconf 91' lang='lat' dir='ltr'>venena</span> <span class='ocrx_word' id='word_1_86' title='bbox 1141 1891 1250 1955; x_wconf 89' lang='lat' dir='ltr'>vitate.</span> <span class='ocrx_word' id='word_1_87' title='bbox 1276 1894 1331 1957; x_wconf 85' lang='lat' dir='ltr'>Ad</span> 
     </span>
     <span class='ocr_line' id='line_1_13' title="bbox 327 1991 1330 2077; baseline 0.004 -22"><span class='ocrx_word' id='word_1_88' title='bbox 327 1993 497 2056; x_wconf 88' lang='lat' dir='ltr'>ecclesiam</span> <span class='ocrx_word' id='word_1_89' title='bbox 518 1993 704 2077; x_wconf 89' lang='lat' dir='ltr'>frequenter</span> <span class='ocrx_word' id='word_1_90' title='bbox 725 1993 904 2071; x_wconf 90' lang='lat' dir='ltr'>convenite,</span> <span class='ocrx_word' id='word_1_91' title='bbox 924 1991 1142 2057; x_wconf 90' lang='lat' dir='ltr'>sacerdotibus</span> <span class='ocrx_word' id='word_1_92' title='bbox 1163 1994 1275 2058; x_wconf 88' lang='lat' dir='ltr'>vestris</span> <span class='ocrx_word' id='word_1_93' title='bbox 1297 2003 1330 2059; x_wconf 90' lang='lat' dir='ltr'>ct</span> 
     </span>
     <span class='ocr_line' id='line_1_14' title="bbox 327 2095 1334 2179; baseline 0.003 -20"><span class='ocrx_word' id='word_1_94' title='bbox 327 2095 486 2160; x_wconf 89' lang='lat' dir='ltr'>honorem</span> <span class='ocrx_word' id='word_1_95' title='bbox 509 2102 542 2159; x_wconf 92' lang='lat' dir='ltr'>et</span> <span class='ocrx_word' id='word_1_96' title='bbox 568 2117 710 2161; x_wconf 90' lang='lat' dir='ltr'>amorem</span> <span class='ocrx_word' id='word_1_97' title='bbox 733 2096 921 2179; x_wconf 88' lang='lat' dir='ltr'>impendite.</span> <span class='ocrx_word' id='word_1_98' title='bbox 979 2096 1031 2159; x_wconf 90' lang='lat' dir='ltr'>De</span> <span class='ocrx_word' id='word_1_99' title='bbox 1056 2095 1126 2179; x_wconf 91' lang='lat' dir='ltr'>ipsa</span> <span class='ocrx_word' id='word_1_100' title='bbox 1151 2096 1334 2162; x_wconf 89' lang='lat' dir='ltr'>substantia</span> 
     </span>
     <span class='ocr_line' id='line_1_15' title="bbox 325 2198 1331 2281; baseline 0.003 -20"><span class='ocrx_word' id='word_1_101' title='bbox 325 2205 436 2263; x_wconf 87' lang='lat' dir='ltr'>vestra</span> <span class='ocrx_word' id='word_1_102' title='bbox 458 2206 492 2263; x_wconf 90' lang='lat' dir='ltr'>et</span> <span class='ocrx_word' id='word_1_103' title='bbox 518 2198 657 2263; x_wconf 89' lang='lat' dir='ltr'>decimas</span> <span class='ocrx_word' id='word_1_104' title='bbox 685 2199 820 2279; x_wconf 92' lang='lat' dir='ltr'>reddite,</span> <span class='ocrx_word' id='word_1_105' title='bbox 846 2205 879 2264; x_wconf 92' lang='lat' dir='ltr'>et</span> <span class='ocrx_word' id='word_1_106' title='bbox 903 2199 1081 2281; x_wconf 84' lang='lat' dir='ltr'>seeundum</span> <span class='ocrx_word' id='word_1_107' title='bbox 1104 2200 1186 2263; x_wconf 91' lang='lat' dir='ltr'>vires</span> <span class='ocrx_word' id='word_1_108' title='bbox 1209 2206 1331 2264; x_wconf 88' lang='lat' dir='ltr'>vestras</span> 
     </span>
     <span class='ocr_line' id='line_1_16' title="bbox 325 2302 1331 2386; baseline 0.005 -22"><span class='ocrx_word' id='word_1_109' title='bbox 325 2302 547 2386; x_wconf 88' lang='lat' dir='ltr'>eleemosynas</span> <span class='ocrx_word' id='word_1_110' title='bbox 576 2302 681 2381; x_wconf 88' lang='lat' dir='ltr'>facite,</span> <span class='ocrx_word' id='word_1_111' title='bbox 716 2303 816 2366; x_wconf 91' lang='lat' dir='ltr'>nolite</span> <span class='ocrx_word' id='word_1_112' title='bbox 845 2323 981 2366; x_wconf 91' lang='lat' dir='ltr'>munera</span> <span class='ocrx_word' id='word_1_113' title='bbox 1013 2323 1108 2385; x_wconf 90' lang='lat' dir='ltr'>super</span> <span class='ocrx_word' id='word_1_114' title='bbox 1141 2303 1331 2369; x_wconf 87' lang='lat' dir='ltr'>innocentes</span> 
     </span>
     <span class='ocr_line' id='line_1_17' title="bbox 326 2403 1330 2488; baseline 0.004 -21"><span class='ocrx_word' id='word_1_115' title='bbox 326 2404 482 2487; x_wconf 89' lang='lat' dir='ltr'>accipere,</span> <span class='ocrx_word' id='word_1_116' title='bbox 504 2403 561 2467; x_wconf 88' lang='lat' dir='ltr'>sed</span> <span class='ocrx_word' id='word_1_117' title='bbox 583 2404 848 2488; x_wconf 84' lang='lat' dir='ltr'>quotiescumque</span> <span class='ocrx_word' id='word_1_118' title='bbox 868 2426 980 2469; x_wconf 87' lang='lat' dir='ltr'>causas</span> <span class='ocrx_word' id='word_1_119' title='bbox 1002 2405 1130 2484; x_wconf 87' lang='lat' dir='ltr'>auditis,</span> <span class='ocrx_word' id='word_1_120' title='bbox 1151 2407 1260 2472; x_wconf 91' lang='lat' dir='ltr'>Deum</span> <span class='ocrx_word' id='word_1_121' title='bbox 1282 2413 1330 2471; x_wconf 89' lang='lat' dir='ltr'>at-</span> 
     </span>
     <span class='ocr_line' id='line_1_18' title="bbox 324 2506 1331 2592; baseline 0.003 -21"><span class='ocrx_word' id='word_1_122' title='bbox 324 2507 462 2587; x_wconf 87' lang='lat' dir='ltr'>tendite,</span> <span class='ocrx_word' id='word_1_123' title='bbox 486 2513 520 2571; x_wconf 90' lang='lat' dir='ltr'>et</span> <span class='ocrx_word' id='word_1_124' title='bbox 541 2508 669 2591; x_wconf 85' lang='lat' dir='ltr'>justum</span> <span class='ocrx_word' id='word_1_125' title='bbox 694 2506 854 2591; x_wconf 87' lang='lat' dir='ltr'>judicium</span> <span class='ocrx_word' id='word_1_126' title='bbox 880 2507 1045 2592; x_wconf 85' lang='lat' dir='ltr'>judicate:</span> <span class='ocrx_word' id='word_1_127' title='bbox 1081 2529 1124 2572; x_wconf 93' lang='lat' dir='ltr'>ne</span> <span class='ocrx_word' id='word_1_128' title='bbox 1145 2508 1229 2574; x_wconf 80' lang='lat' dir='ltr'>sorte</span> <span class='ocrx_word' id='word_1_129' title='bbox 1252 2510 1331 2574; x_wconf 91' lang='lat' dir='ltr'>dum</span> 
     </span>
     <span class='ocr_line' id='line_1_19' title="bbox 324 2609 1329 2699; baseline 0.004 -24"><span class='ocrx_word' id='word_1_130' title='bbox 324 2613 497 2694; x_wconf 90' lang='lat' dir='ltr'>pecuniam</span> <span class='ocrx_word' id='word_1_131' title='bbox 511 2612 632 2697; x_wconf 88' lang='lat' dir='ltr'>injuste</span> <span class='ocrx_word' id='word_1_132' title='bbox 650 2609 749 2677; x_wconf 74' lang='lat' dir='ltr'>wiltis</span> <span class='ocrx_word' id='word_1_133' title='bbox 770 2613 947 2696; x_wconf 83' lang='lat' dir='ltr'>adquirere,</span> <span class='ocrx_word' id='word_1_134' title='bbox 963 2618 1121 2677; x_wconf 84' lang='lat' dir='ltr'>aeternum</span> <span class='ocrx_word' id='word_1_135' title='bbox 1137 2614 1329 2699; x_wconf 91' lang='lat' dir='ltr'>supplicium</span> 
     </span>
     <span class='ocr_line' id='line_1_20' title="bbox 324 2716 1329 2800; baseline 0.005 -21"><span class='ocrx_word' id='word_1_136' title='bbox 324 2738 392 2780; x_wconf 92' lang='lat' dir='ltr'>non</span> <span class='ocrx_word' id='word_1_137' title='bbox 406 2716 536 2800; x_wconf 90' lang='lat' dir='ltr'>possitis</span> <span class='ocrx_word' id='word_1_138' title='bbox 550 2716 693 2781; x_wconf 90' lang='lat' dir='ltr'>evadere.</span> <span class='ocrx_word' id='word_1_139' title='bbox 741 2716 807 2782; x_wconf 80' lang='lat' dir='ltr'>Qui</span> <span class='ocrx_word' id='word_1_140' title='bbox 827 2717 867 2781; x_wconf 89' lang='lat' dir='ltr'>de</span> <span class='ocrx_word' id='word_1_141' title='bbox 886 2719 990 2781; x_wconf 88' lang='lat' dir='ltr'>salute</span> <span class='ocrx_word' id='word_1_142' title='bbox 1012 2718 1128 2782; x_wconf 90' lang='lat' dir='ltr'>animae</span> <span class='ocrx_word' id='word_1_143' title='bbox 1143 2741 1208 2783; x_wconf 87' lang='lat' dir='ltr'>suae</span> <span class='ocrx_word' id='word_1_144' title='bbox 1224 2727 1329 2784; x_wconf 89' lang='lat' dir='ltr'>atten-</span> 
     </span>
     <span class='ocr_line' id='line_1_21' title="bbox 323 2820 1328 2906; baseline 0.006 -25"><span class='ocrx_word' id='word_1_145' title='bbox 323 2820 390 2882; x_wconf 90' lang='lat' dir='ltr'>tius</span> <span class='ocrx_word' id='word_1_146' title='bbox 412 2820 544 2902; x_wconf 87' lang='lat' dir='ltr'>cogitat,</span> <span class='ocrx_word' id='word_1_147' title='bbox 558 2820 646 2884; x_wconf 90' lang='lat' dir='ltr'>unde</span> <span class='ocrx_word' id='word_1_148' title='bbox 667 2820 797 2885; x_wconf 86' lang='lat' dir='ltr'>laeditur</span> <span class='ocrx_word' id='word_1_149' title='bbox 819 2827 977 2904; x_wconf 88' lang='lat' dir='ltr'>quantum</span> <span class='ocrx_word' id='word_1_150' title='bbox 998 2827 1105 2905; x_wconf 88' lang='lat' dir='ltr'>potest</span> <span class='ocrx_word' id='word_1_151' title='bbox 1126 2822 1248 2906; x_wconf 87' lang='lat' dir='ltr'>fugiat:</span> <span class='ocrx_word' id='word_1_152' title='bbox 1272 2823 1328 2906; x_wconf 91' lang='lat' dir='ltr'>qui</span> 
     </span>
     <span class='ocr_line' id='line_1_22' title="bbox 324 2921 1328 3006; baseline 0.005 -22"><span class='ocrx_word' id='word_1_153' title='bbox 324 2921 412 2984; x_wconf 91' lang='lat' dir='ltr'>enim</span> <span class='ocrx_word' id='word_1_154' title='bbox 427 2943 495 2986; x_wconf 91' lang='lat' dir='ltr'>nou</span> <span class='ocrx_word' id='word_1_155' title='bbox 509 2923 630 3006; x_wconf 89' lang='lat' dir='ltr'>cogitat</span> <span class='ocrx_word' id='word_1_156' title='bbox 644 2922 708 2986; x_wconf 90' lang='lat' dir='ltr'>nisi</span> <span class='ocrx_word' id='word_1_157' title='bbox 722 2923 762 2987; x_wconf 92' lang='lat' dir='ltr'>de</span> <span class='ocrx_word' id='word_1_158' title='bbox 777 2923 840 2986; x_wconf 89' lang='lat' dir='ltr'>ista</span> <span class='ocrx_word' id='word_1_159' title='bbox 854 2930 984 2987; x_wconf 88' lang='lat' dir='ltr'>tantum</span> <span class='ocrx_word' id='word_1_160' title='bbox 999 2925 1074 3002; x_wconf 90' lang='lat' dir='ltr'>vita,</span> <span class='ocrx_word' id='word_1_161' title='bbox 1087 2924 1279 2988; x_wconf 82' lang='lat' dir='ltr'>animalibus</span> <span class='ocrx_word' id='word_1_162' title='bbox 1294 2932 1328 2989; x_wconf 92' lang='lat' dir='ltr'>et</span> 
     </span>
     <span class='ocr_line' id='line_1_23' title="bbox 323 3026 1327 3109; baseline 0.003 -21"><span class='ocrx_word' id='word_1_163' title='bbox 323 3026 493 3108; x_wconf 75' lang='lat' dir='ltr'>pecoribus</span> <span class='ocrx_word' id='word_1_164' title='bbox 512 3026 624 3089; x_wconf 89' lang='lat' dir='ltr'>similis</span> <span class='ocrx_word' id='word_1_165' title='bbox 644 3033 703 3091; x_wconf 89' lang='lat' dir='ltr'>est.</span> <span class='ocrx_word' id='word_1_166' title='bbox 720 3026 799 3109; x_wconf 91' lang='lat' dir='ltr'>quid</span> <span class='ocrx_word' id='word_1_167' title='bbox 820 3026 907 3089; x_wconf 90' lang='lat' dir='ltr'>enim</span> <span class='ocrx_word' id='word_1_168' title='bbox 926 3032 1074 3109; x_wconf 89' lang='lat' dir='ltr'>quaerunt</span> <span class='ocrx_word' id='word_1_169' title='bbox 1094 3027 1246 3091; x_wconf 89' lang='lat' dir='ltr'>animalia</span> <span class='ocrx_word' id='word_1_170' title='bbox 1264 3028 1327 3092; x_wconf 88' lang='lat' dir='ltr'>nisi</span> 
     </span>
     <span class='ocr_line' id='line_1_24' title="bbox 322 3127 1328 3213; baseline 0.004 -23"><span class='ocrx_word' id='word_1_171' title='bbox 322 3127 520 3193; x_wconf 85' lang='lat' dir='ltr'>manducare</span> <span class='ocrx_word' id='word_1_172' title='bbox 535 3137 568 3193; x_wconf 90' lang='lat' dir='ltr'>et</span> <span class='ocrx_word' id='word_1_173' title='bbox 583 3129 693 3194; x_wconf 87' lang='lat' dir='ltr'>bibere</span> <span class='ocrx_word' id='word_1_174' title='bbox 711 3135 808 3213; x_wconf 89' lang='lat' dir='ltr'>atque</span> <span class='ocrx_word' id='word_1_175' title='bbox 828 3129 990 3194; x_wconf 85' lang='lat' dir='ltr'>dormire?</span> <span class='ocrx_word' id='word_1_176' title='bbox 1021 3129 1106 3193; x_wconf 81' lang='lat' dir='ltr'>Talis</span> <span class='ocrx_word' id='word_1_177' title='bbox 1121 3135 1170 3194; x_wconf 89' lang='lat' dir='ltr'>est</span> <span class='ocrx_word' id='word_1_178' title='bbox 1185 3129 1242 3213; x_wconf 91' lang='lat' dir='ltr'>qui</span> <span class='ocrx_word' id='word_1_179' title='bbox 1255 3129 1328 3212; x_wconf 91' lang='lat' dir='ltr'>plus</span> 
     </span>
     <span class='ocr_line' id='line_1_25' title="bbox 322 3231 1325 3316; baseline 0.003 -22"><span class='ocrx_word' id='word_1_180' title='bbox 322 3231 444 3312; x_wconf 84' lang='lat' dir='ltr'>cogitat</span> <span class='ocrx_word' id='word_1_181' title='bbox 467 3232 625 3296; x_wconf 88' lang='lat' dir='ltr'>decarne</span> <span class='ocrx_word' id='word_1_182' title='bbox 648 3255 707 3296; x_wconf 88' lang='lat' dir='ltr'>sua</span> <span class='ocrx_word' id='word_1_183' title='bbox 728 3253 826 3316; x_wconf 92' lang='lat' dir='ltr'>quam</span> <span class='ocrx_word' id='word_1_184' title='bbox 848 3232 889 3296; x_wconf 93' lang='lat' dir='ltr'>de</span> <span class='ocrx_word' id='word_1_185' title='bbox 911 3233 1028 3310; x_wconf 89' lang='lat' dir='ltr'>anima,</span> <span class='ocrx_word' id='word_1_186' title='bbox 1048 3231 1103 3315; x_wconf 88' lang='lat' dir='ltr'>qui</span> <span class='ocrx_word' id='word_1_187' title='bbox 1124 3232 1197 3315; x_wconf 89' lang='lat' dir='ltr'>plus</span> <span class='ocrx_word' id='word_1_188' title='bbox 1219 3231 1325 3313; x_wconf 87' lang='lat' dir='ltr'>diligit</span> 
     </span>
     <span class='ocr_line' id='line_1_26' title="bbox 322 3334 1324 3420; baseline 0.001 -22"><span class='ocrx_word' id='word_1_189' title='bbox 322 3335 434 3416; x_wconf 88' lang='lat' dir='ltr'>gulam</span> <span class='ocrx_word' id='word_1_190' title='bbox 449 3343 506 3399; x_wconf 91' lang='lat' dir='ltr'>aut</span> <span class='ocrx_word' id='word_1_191' title='bbox 527 3336 698 3413; x_wconf 83' lang='lat' dir='ltr'>luxuriam,</span> <span class='ocrx_word' id='word_1_192' title='bbox 714 3357 811 3419; x_wconf 91' lang='lat' dir='ltr'>quam</span> <span class='ocrx_word' id='word_1_193' title='bbox 834 3335 1016 3399; x_wconf 82' lang='lat' dir='ltr'>castitatem</span> <span class='ocrx_word' id='word_1_194' title='bbox 1038 3342 1135 3418; x_wconf 88' lang='lat' dir='ltr'>atque</span> <span class='ocrx_word' id='word_1_195' title='bbox 1153 3334 1324 3420; x_wconf 87' lang='lat' dir='ltr'>justitiam.</span> 
     </span>
     <span class='ocr_line' id='line_1_27' title="bbox 323 3437 1324 3522; baseline 0.002 -22"><span class='ocrx_word' id='word_1_196' title='bbox 323 3438 413 3501; x_wconf 89' lang='lat' dir='ltr'>Scire</span> <span class='ocrx_word' id='word_1_197' title='bbox 425 3437 558 3517; x_wconf 91' lang='lat' dir='ltr'>debetis,</span> <span class='ocrx_word' id='word_1_198' title='bbox 571 3439 735 3518; x_wconf 87' lang='lat' dir='ltr'>carissimi,</span> <span class='ocrx_word' id='word_1_199' title='bbox 749 3439 825 3522; x_wconf 90' lang='lat' dir='ltr'>quia</span> <span class='ocrx_word' id='word_1_200' title='bbox 838 3438 912 3503; x_wconf 92' lang='lat' dir='ltr'>ideo</span> <span class='ocrx_word' id='word_1_201' title='bbox 923 3438 1100 3502; x_wconf 84' lang='lat' dir='ltr'>Christiani</span> <span class='ocrx_word' id='word_1_202' title='bbox 1114 3439 1192 3502; x_wconf 82' lang='lat' dir='ltr'>faeti</span> <span class='ocrx_word' id='word_1_203' title='bbox 1202 3460 1324 3518; x_wconf 87' lang='lat' dir='ltr'>sumus,</span> 
     </span>
     <span class='ocr_line' id='line_1_28' title="bbox 320 3541 1324 3624; baseline 0.002 -20"><span class='ocrx_word' id='word_1_204' title='bbox 320 3548 359 3604; x_wconf 92' lang='lat' dir='ltr'>ut</span> <span class='ocrx_word' id='word_1_205' title='bbox 378 3562 506 3624; x_wconf 90' lang='lat' dir='ltr'>semper</span> <span class='ocrx_word' id='word_1_206' title='bbox 527 3542 567 3606; x_wconf 92' lang='lat' dir='ltr'>de</span> <span class='ocrx_word' id='word_1_207' title='bbox 587 3542 700 3605; x_wconf 82' lang='lat' dir='ltr'>futuro</span> <span class='ocrx_word' id='word_1_208' title='bbox 722 3543 839 3607; x_wconf 84' lang='lat' dir='ltr'>saeeulo</span> <span class='ocrx_word' id='word_1_209' title='bbox 862 3548 895 3605; x_wconf 87' lang='lat' dir='ltr'>et</span> <span class='ocrx_word' id='word_1_210' title='bbox 917 3541 958 3605; x_wconf 90' lang='lat' dir='ltr'>de</span> <span class='ocrx_word' id='word_1_211' title='bbox 980 3549 1101 3606; x_wconf 86' lang='lat' dir='ltr'>aeterna</span> <span class='ocrx_word' id='word_1_212' title='bbox 1122 3541 1324 3606; x_wconf 88' lang='lat' dir='ltr'>heatitudine</span> 
     </span>
     <span class='ocr_line' id='line_1_29' title="bbox 319 3644 1323 3730; baseline 0.003 -23"><span class='ocrx_word' id='word_1_213' title='bbox 319 3645 509 3728; x_wconf 85' lang='lat' dir='ltr'>cogitemus,</span> <span class='ocrx_word' id='word_1_214' title='bbox 525 3652 558 3709; x_wconf 91' lang='lat' dir='ltr'>et</span> <span class='ocrx_word' id='word_1_215' title='bbox 571 3646 645 3729; x_wconf 91' lang='lat' dir='ltr'>plus</span> <span class='ocrx_word' id='word_1_216' title='bbox 663 3667 722 3728; x_wconf 93' lang='lat' dir='ltr'>pro</span> <span class='ocrx_word' id='word_1_217' title='bbox 744 3644 854 3709; x_wconf 88' lang='lat' dir='ltr'>anima</span> <span class='ocrx_word' id='word_1_218' title='bbox 869 3666 965 3728; x_wconf 91' lang='lat' dir='ltr'>quam</span> <span class='ocrx_word' id='word_1_219' title='bbox 983 3666 1041 3729; x_wconf 92' lang='lat' dir='ltr'>pro</span> <span class='ocrx_word' id='word_1_220' title='bbox 1056 3666 1186 3730; x_wconf 90' lang='lat' dir='ltr'>corpore</span> <span class='ocrx_word' id='word_1_221' title='bbox 1199 3645 1323 3711; x_wconf 87' lang='lat' dir='ltr'>labore·</span> 
     </span>
     <span class='ocr_line' id='line_1_30' title="bbox 318 3747 1325 3832; baseline 0.003 -22"><span class='ocrx_word' id='word_1_222' title='bbox 318 3770 402 3826; x_wconf 92' lang='lat' dir='ltr'>mus,</span> <span class='ocrx_word' id='word_1_223' title='bbox 416 3748 492 3830; x_wconf 87' lang='lat' dir='ltr'>quia</span> <span class='ocrx_word' id='word_1_224' title='bbox 506 3769 579 3813; x_wconf 93' lang='lat' dir='ltr'>caro</span> <span class='ocrx_word' id='word_1_225' title='bbox 590 3756 700 3812; x_wconf 89' lang='lat' dir='ltr'>nostra</span> <span class='ocrx_word' id='word_1_226' title='bbox 713 3747 824 3832; x_wconf 87' lang='lat' dir='ltr'>paucis</span> <span class='ocrx_word' id='word_1_227' title='bbox 840 3747 933 3811; x_wconf 86' lang='lat' dir='ltr'>annis</span> <span class='ocrx_word' id='word_1_228' title='bbox 944 3748 1005 3811; x_wconf 90' lang='lat' dir='ltr'>erit</span> <span class='ocrx_word' id='word_1_229' title='bbox 1020 3748 1056 3811; x_wconf 92' lang='lat' dir='ltr'>in</span> <span class='ocrx_word' id='word_1_230' title='bbox 1069 3749 1202 3814; x_wconf 91' lang='lat' dir='ltr'>mundo.</span> <span class='ocrx_word' id='word_1_231' title='bbox 1215 3749 1325 3813; x_wconf 90' lang='lat' dir='ltr'>anima</span> 
     </span>
    </p>
   </div>
   <div class='ocr_carea' id='block_1_3' title="bbox 314 3851 1322 4655">
    <p class='ocr_par' dir='ltr' id='par_1_3' title="bbox 314 3851 1322 4655">
     <span class='ocr_line' id='line_1_31' title="bbox 318 3851 1322 3936; baseline 0.003 -23"><span class='ocrx_word' id='word_1_232' title='bbox 318 3851 407 3913; x_wconf 89' lang='lat' dir='ltr'>enim</span> <span class='ocrx_word' id='word_1_233' title='bbox 422 3857 543 3931; x_wconf 89' lang='lat' dir='ltr'>nostra,</span> <span class='ocrx_word' id='word_1_234' title='bbox 559 3851 684 3916; x_wconf 88' lang='lat' dir='ltr'>sibene</span> <span class='ocrx_word' id='word_1_235' title='bbox 699 3851 836 3934; x_wconf 89' lang='lat' dir='ltr'>agimus,</span> <span class='ocrx_word' id='word_1_236' title='bbox 853 3851 922 3914; x_wconf 91' lang='lat' dir='ltr'>sine</span> <span class='ocrx_word' id='word_1_237' title='bbox 937 3852 1002 3915; x_wconf 90' lang='lat' dir='ltr'>fine</span> <span class='ocrx_word' id='word_1_238' title='bbox 1016 3852 1165 3936; x_wconf 86' lang='lat' dir='ltr'>regnabit</span> <span class='ocrx_word' id='word_1_239' title='bbox 1180 3852 1216 3915; x_wconf 91' lang='lat' dir='ltr'>in</span> <span class='ocrx_word' id='word_1_240' title='bbox 1230 3852 1322 3917; x_wconf 88' lang='lat' dir='ltr'>coelo.</span> 
     </span>
     <span class='ocr_line' id='line_1_32' title="bbox 318 3949 1320 4034; baseline 0.003 -22"><span class='ocrx_word' id='word_1_241' title='bbox 318 3949 551 4013; x_wconf 90' lang='lat' dir='ltr'>Poenitentiam</span> <span class='ocrx_word' id='word_1_242' title='bbox 561 3950 671 4033; x_wconf 88' lang='lat' dir='ltr'>itaque</span> <span class='ocrx_word' id='word_1_243' title='bbox 683 3972 826 4034; x_wconf 88' lang='lat' dir='ltr'>agamus,</span> <span class='ocrx_word' id='word_1_244' title='bbox 838 3949 964 4029; x_wconf 84' lang='lat' dir='ltr'>fratres,</span> <span class='ocrx_word' id='word_1_245' title='bbox 980 3957 1018 4014; x_wconf 90' lang='lat' dir='ltr'>ut</span> <span class='ocrx_word' id='word_1_246' title='bbox 1032 3958 1236 4034; x_wconf 88' lang='lat' dir='ltr'>peccatorum</span> <span class='ocrx_word' id='word_1_247' title='bbox 1247 3972 1320 4034; x_wconf 88' lang='lat' dir='ltr'>pro-</span> 
     </span>
     <span class='ocr_line' id='line_1_33' title="bbox 315 4052 1321 4141; baseline 0.002 -27"><span class='ocrx_word' id='word_1_248' title='bbox 315 4052 502 4135; x_wconf 90' lang='lat' dir='ltr'>pitiatorem</span> <span class='ocrx_word' id='word_1_249' title='bbox 517 4053 625 4118; x_wconf 90' lang='lat' dir='ltr'>Deum</span> <span class='ocrx_word' id='word_1_250' title='bbox 639 4053 759 4118; x_wconf 91' lang='lat' dir='ltr'>hahere</span> <span class='ocrx_word' id='word_1_251' title='bbox 773 4075 966 4118; x_wconf 89' lang='lat' dir='ltr'>mereamur.</span> <span class='ocrx_word' id='word_1_252' title='bbox 992 4054 1211 4141; x_wconf 90' lang='lat' dir='ltr'>Deprecemur</span> <span class='ocrx_word' id='word_1_253' title='bbox 1227 4074 1321 4131; x_wconf 80' lang='lat' dir='ltr'>eum3</span> 
     </span>
     <span class='ocr_line' id='line_1_34' title="bbox 317 4155 1321 4238; baseline 0.001 -20"><span class='ocrx_word' id='word_1_254' title='bbox 317 4155 394 4238; x_wconf 90' lang='lat' dir='ltr'>quia</span> <span class='ocrx_word' id='word_1_255' title='bbox 413 4156 670 4222; x_wconf 82' lang='lat' dir='ltr'>exacerbavimus</span> <span class='ocrx_word' id='word_1_256' title='bbox 690 4178 766 4221; x_wconf 91' lang='lat' dir='ltr'>eum</span> <span class='ocrx_word' id='word_1_257' title='bbox 774 4183 784 4235; x_wconf 80' lang='lat'>3</span> <span class='ocrx_word' id='word_1_258' title='bbox 815 4157 1024 4221; x_wconf 90' lang='lat' dir='ltr'>humiliemur</span> <span class='ocrx_word' id='word_1_259' title='bbox 1042 4164 1081 4220; x_wconf 91' lang='lat' dir='ltr'>ut</span> <span class='ocrx_word' id='word_1_260' title='bbox 1102 4157 1220 4220; x_wconf 83' lang='lat' dir='ltr'>exaltet</span> <span class='ocrx_word' id='word_1_261' title='bbox 1240 4176 1299 4220; x_wconf 84' lang='lat' dir='ltr'>nos</span> <span class='ocrx_word' id='word_1_262' title='bbox 1309 4182 1321 4235; x_wconf 79' lang='lat'><em>3</em></span> 
     </span>
     <span class='ocr_line' id='line_1_35' title="bbox 316 4257 1319 4347; baseline 0.002 -27"><span class='ocrx_word' id='word_1_263' title='bbox 316 4257 492 4322; x_wconf 89' lang='lat' dir='ltr'>defleamus</span> <span class='ocrx_word' id='word_1_264' title='bbox 503 4265 541 4323; x_wconf 88' lang='lat' dir='ltr'>ut</span> <span class='ocrx_word' id='word_1_265' title='bbox 555 4260 697 4325; x_wconf 88' lang='lat' dir='ltr'>laetificet</span> <span class='ocrx_word' id='word_1_266' title='bbox 711 4281 781 4340; x_wconf 87' lang='lat' dir='ltr'>nos,</span> <span class='ocrx_word' id='word_1_267' title='bbox 793 4260 985 4347; x_wconf 88' lang='lat' dir='ltr'>plangamus</span> <span class='ocrx_word' id='word_1_268' title='bbox 999 4265 1037 4323; x_wconf 94' lang='lat' dir='ltr'>ut</span> <span class='ocrx_word' id='word_1_269' title='bbox 1053 4259 1236 4323; x_wconf 88' lang='lat' dir='ltr'>consoletur</span> <span class='ocrx_word' id='word_1_270' title='bbox 1249 4279 1319 4337; x_wconf 88' lang='lat' dir='ltr'>nos,</span> 
     </span>
     <span class='ocr_line' id='line_1_36' title="bbox 314 4361 1319 4445; baseline 0 -21"><span class='ocrx_word' id='word_1_271' title='bbox 314 4361 522 4445; x_wconf 86' lang='lat' dir='ltr'>projiciamus</span> <span class='ocrx_word' id='word_1_272' title='bbox 537 4385 557 4426; x_wconf 91' lang='lat' dir='ltr'>a</span> <span class='ocrx_word' id='word_1_273' title='bbox 571 4363 663 4428; x_wconf 90' lang='lat' dir='ltr'>nobis</span> <span class='ocrx_word' id='word_1_274' title='bbox 679 4363 947 4428; x_wconf 88' lang='lat' dir='ltr'>consuetudinem</span> <span class='ocrx_word' id='word_1_275' title='bbox 962 4363 1082 4426; x_wconf 90' lang='lat' dir='ltr'>malam</span> <span class='ocrx_word' id='word_1_276' title='bbox 1096 4369 1130 4427; x_wconf 94' lang='lat' dir='ltr'>et</span> <span class='ocrx_word' id='word_1_277' title='bbox 1145 4361 1237 4445; x_wconf 90' lang='lat' dir='ltr'>quasi</span> <span class='ocrx_word' id='word_1_278' title='bbox 1250 4382 1319 4425; x_wconf 89' lang='lat' dir='ltr'>ves-</span> 
     </span>
     <span class='ocr_line' id='line_1_37' title="bbox 314 4465 1318 4549; baseline 0.003 -22"><span class='ocrx_word' id='word_1_279' title='bbox 314 4465 456 4529; x_wconf 90' lang='lat' dir='ltr'>timento</span> <span class='ocrx_word' id='word_1_280' title='bbox 477 4465 597 4530; x_wconf 86' lang='lat' dir='ltr'>virtute</span> <span class='ocrx_word' id='word_1_281' title='bbox 619 4466 719 4530; x_wconf 86' lang='lat' dir='ltr'>animi</span> <span class='ocrx_word' id='word_1_282' title='bbox 740 4467 925 4546; x_wconf 91' lang='lat' dir='ltr'>induamur,</span> <span class='ocrx_word' id='word_1_283' title='bbox 940 4465 1078 4530; x_wconf 82' lang='lat' dir='ltr'>maxime</span> <span class='ocrx_word' id='word_1_284' title='bbox 1099 4487 1159 4530; x_wconf 90' lang='lat' dir='ltr'>nos</span> <span class='ocrx_word' id='word_1_285' title='bbox 1177 4466 1232 4548; x_wconf 92' lang='lat' dir='ltr'>qui</span> <span class='ocrx_word' id='word_1_286' title='bbox 1248 4466 1318 4549; x_wconf 86' lang='lat' dir='ltr'>jam</span> 
     </span>
     <span class='ocr_line' id='line_1_38' title="bbox 314 4568 1318 4655; baseline 0 -23"><span class='ocrx_word' id='word_1_287' title='bbox 314 4569 590 4634; x_wconf 87' lang='lat' dir='ltr'>conversationem</span> <span class='ocrx_word' id='word_1_288' title='bbox 611 4570 789 4654; x_wconf 89' lang='lat' dir='ltr'>angelicam</span> <span class='ocrx_word' id='word_1_289' title='bbox 808 4569 1055 4655; x_wconf 88' lang='lat' dir='ltr'>promeruimus,</span> <span class='ocrx_word' id='word_1_290' title='bbox 1070 4575 1108 4633; x_wconf 91' lang='lat' dir='ltr'>ut</span> <span class='ocrx_word' id='word_1_291' title='bbox 1129 4569 1170 4633; x_wconf 92' lang='lat' dir='ltr'>ad</span> <span class='ocrx_word' id='word_1_292' title='bbox 1188 4568 1318 4651; x_wconf 90' lang='lat' dir='ltr'>angelo·</span> 
     </span>
    </p>
   </div>
   <div class='ocr_carea' id='block_1_4' title="bbox 0 0 1634 5467">
    <p class='ocr_par' dir='ltr' id='par_1_4' title="bbox 0 0 1634 5467">
     <span class='ocr_line' id='line_1_39' title="bbox 0 0 1634 5467; baseline 0 7"><span class='ocrx_word' id='word_1_293' title='bbox 0 0 1634 5467; x_wconf 95' lang='lat' dir='ltr'> </span> 
     </span>
    </p>
   </div>
  </div>
 </body>
</html>
