3259 5467
313 687 356 748 42
582 702 759 745 scurracn
777 701 1039 747 auenrnmscorr

313 850 430 914 iterum
444 850 510 914 rita
524 867 635 914 eorum
650 857 684 914 et
699 849 834 928 actibus,
847 851 1011 914 communi
1026 867 1194 927 consensu,
1210 849 1312 914 m'edi-

313 959 389 1017 ante
404 954 484 1032 Deo,
501 952 579 1037 quid
592 952 663 1016 fieri
678 951 803 1030 debeat,
818 952 1084 1035 pertractandum
1099 960 1158 1018 est.

356 1054 397 1118 In
426 1056 557 1120 nomine
583 1055 716 1119 Domini
741 1055 813 1133 Dei,
838 1062 871 1119 et
899 1055 1072 1120 Salvatoris
1101 1057 1206 1121 nostri
1233 1056 1312 1121 Jesu

314 1158 443 1237 Christi,
471 1153 650 1242 imperante
682 1158 824 1222 Domino
860 1159 1002 1242 piissimo
1038 1160 1190 1242 Augusto
1227 1159 1311 1223 Con-

314 1260 457 1324 stantino
473 1280 592 1344 magno
605 1261 807 1344 imperatore,
824 1283 910 1326 anno
929 1258 1055 1341 XXVI,
1070 1270 1143 1345 post
1165 1263 1311 1327 consula-

314 1371 385 1427 tum
408 1365 477 1448 ejus
501 1386 552 1427 an.
572 1364 614 1441 V,
635 1384 745 1427 mense
769 1363 912 1442 Octobri,
932 1364 984 1429 die
1007 1365 1113 1443 XXV,
1133 1365 1311 1430 indictione

314 1468 406 1545 XIV,
436 1466 626 1550 praesidente
657 1466 857 1530 sanctissimo
891 1488 927 1532 ae
955 1468 1140 1532 beatissimo
1170 1468 1311 1533 Domino

314 1570 467 1634 Zacharia
489 1591 571 1653 papa
592 1568 626 1631 in
648 1569 841 1651 patriarchio
864 1570 1083 1650 Lateranensi,
1106 1572 1141 1634 in
1163 1567 1310 1650 Basilina,

316 1694 386 1754 quae
408 1673 585 1755 appellatur
607 1670 772 1749 Theodori,
795 1672 1037 1736 considentibus
1058 1669 1155 1737 etium
1177 1692 1253 1737 cum
1274 1692 1311 1737 eo

315 1775 521 1838 sanctissimis
536 1773 699 1856 episcopis,
714 1773 894 1856 Epiphanio
914 1775 1008 1840 Silvae
1027 1774 1190 1854 Candidas,
1207 1776 1311 1840 Bene·

315 1877 400 1946 dicto
419 1879 594 1954 Noment0,
617 1876 779 1940 Venantio
800 1877 993 1955 Praenestiae,
1017 1877 1174 1961 Gregorio
1195 1878 1311 1942 Portu·

315 1998 400 2058 ense,
416 1981 533 2045 Niceta
554 1978 675 2058 Gabiis,
690 1979 856 2043 'l'heodoro
879 1981 1038 2060 Ostiense,
1055 1980 1204 2045 Gratioso
1224 1979 1311 2045 Veli-

314 2085 390 2148 tris:
410 2100 467 2148 seu
481 2082 714 2148 venerabilibus
729 2083 929 2166 presbyteris,
944 2083 1050 2163 idest,
1066 2085 1086 2150 J
1089 2104 1195 2148 canuc
1210 2083 1311 2148 archi·

314 2186 509 2272 presbytero,
526 2187 691 2269 Gregorio,
709 2187 883 2269 Stephano,
903 2187 982 2252 item
1004 2189 1179 2272 Stephano,
1199 2186 1310 2253 Domi·

314 2291 398 2367 nico,
422 2290 599 2368 Theodoro,
624 2290 805 2370 Anastasio,
834 2293 996 2375 Georgio,
1011 2294 1133 2376 Sergio,
1158 2293 1310 2372 Jordans,

315 2393 433 2471 Leone,
462 2393 542 2456 item
574 2393 692 2470 Leone,
724 2393 890 2476 Gregorio,
922 2395 1095 2478 Stephano,
1126 2396 1310 2473 Eustochio,

315 2497 479 2580 Procopio,
515 2502 611 2580 atque
644 2497 861 2579 Theophanio.
927 2499 1102 2582 Propositis
1135 2499 1171 2563 in
1205 2499 1310 2565 medio

315 2600 522 2663 sacrosanctis
540 2599 728 2682 evangeliis:
753 2599 954 2664 adstantibus
969 2623 1102 2686 quoque
1115 2601 1310 2680 diaconibus,

314 2703 364 2767 vel
393 2709 510 2766 cuncto
539 2703 632 2780 clero,
663 2702 837 2786 Gregorius
867 2705 1010 2769 notarius
1038 2705 1249 2789 regionarius,
1279 2713 1310 2770 et

316 2806 560 2870 nomenculator
589 2805 692 2869 dixit:
726 2807 827 2870 Juxta
855 2807 952 2870 vestri
981 2808 1084 2872 sancti
1114 2809 1310 2892 apostolatus

315 2909 570 2993 praeceptionem,
593 2930 688 2991 quam
709 2910 745 2972 in
767 2911 928 2992 praeterito
950 2911 1099 2995 jussistis,
1122 2910 1311 2977 Deneardus

315 3013 482 3097 religiosus
504 3012 679 3098 presbyter,
701 3012 791 3077 adest
812 3035 878 3098 prae
899 3015 987 3079 velo:
1018 3015 1095 3099 quid
1112 3016 1311 3101 praecipitis?

315 3119 449 3183 Dictum
477 3125 546 3183 est:
583 3117 792 3201 ingrediatur.
849 3118 995 3202 Cumque
1027 3119 1190 3202 ingressus
1218 3127 1311 3199 esset,

315 3222 483 3286 Zacharias
498 3221 717 3286 sanctissimus
732 3242 769 3284 sc
781 3220 984 3285 beatissimus
998 3242 1081 3306 papa
1095 3223 1194 3287 dixit:
1210 3225 1311 3288 Actus

314 3326 400 3390 illius
424 3324 646 3390 nefandissimi
671 3323 848 3402 Aldeberti,
871 3324 937 3389 sive
964 3331 1088 3405 caetera,
1112 3346 1185 3410 quae
1208 3325 1251 3392 de
1274 3342 1312 3391 eu

315 3436 392 3492 aunt
421 3427 548 3511 scripta,
577 3448 650 3510 quae
678 3427 839 3510 praeterito
869 3429 1036 3492 secretario
1064 3445 1130 3513 prta
1162 3429 1311 3494 manibus

315 3531 457 3613 gerebas,
472 3551 580 3594 coram
599 3536 755 3612 praesente
774 3530 908 3594 concilio
930 3532 1057 3615 porrige
1077 3533 1225 3616 legende.
1268 3532 1311 3596 Ilt

315 3633 472 3717 accipiens
491 3632 716 3716 Theophanius
739 3633 883 3697 notarius
906 3635 1104 3717 regionarius
1127 3643 1161 3700 et
1182 3637 1311 3701 sacella·

314 3740 381 3804 rius
394 3741 509 3823 relegit
522 3739 622 3804 vitam
635 3739 731 3819 illius,
747 3742 839 3825 cujus
853 3740 984 3806 initium
998 3741 1063 3805 tale
1078 3748 1144 3804 est:

359 3844 401 3908 In
420 3845 550 3908 nomine
564 3843 698 3908 Domini
717 3845 819 3908 nostri
833 3846 913 3909 lesu
931 3845 1062 3909 Christi.
1108 3844 1229 3928 Incipit
1248 3844 1313 3908 rita

315 3947 418 4012 sancti
431 3954 465 4012 et
479 3947 566 4011 besti
580 3948 643 4012 Dei
661 3948 783 4027 famuli,
799 3955 833 4012 et
852 3948 1005 4032 praeclari,
1021 3955 1118 4032 atque
1134 3960 1192 4032 per
1204 3953 1311 4011 totum

315 4051 458 4136 speciosi,
473 4072 513 4114 ex
527 4051 681 4115 electione
695 4052 758 4116 Dei
772 4052 852 4130 nati,
864 4052 968 4116 sancti
982 4050 1150 4116 Aldeberti
1164 4049 1311 4134 episcopi.

357 4156 408 4219 De
422 4154 618 4237 simplicibus
632 4155 819 4238 parentibus
830 4155 892 4219 fuit
905 4162 1099 4239 procreatus,
1109 4160 1142 4219 et
1153 4154 1194 4218 de
1209 4153 1313 4237 grstia

314 4259 376 4323 Dei
391 4265 439 4322 est
454 4266 643 4323 coronatus:
667 4259 742 4342 quia
759 4258 837 4323 dum
856 4259 892 4322 in
912 4265 1005 4323 utero
1026 4258 1137 4323 matris
1158 4264 1253 4337 esset,
1268 4256 1312 4320 ibi

310 4355 451 4446 ¹gratiam
471 4362 533 4426 Dei
554 4362 696 4446 accepit:
727 4369 760 4426 et
780 4370 954 4446 antequam
977 4362 1174 4447 pervenisset
1197 4360 1312 4427 bestis-

315 4464 396 4529 sima
414 4458 663 4549 nativitas'ejus,
679 4465 759 4530 vidit
781 4465 919 4548 genitrix
939 4466 1018 4549 ejus,
1036 4466 1126 4549 quasi
1145 4486 1204 4548 per
1222 4465 1313 4528 visio

313 4588 398 4647 nem,
420 4568 636 4652 egredientem
657 4569 794 4633 vitulum
817 4569 857 4634 de
879 4569 1010 4634 dextero
1029 4569 1129 4633 latore
1149 4589 1226 4634 suo:
1259 4567 1311 4651 qui
