3259 5467
323 685 388 748 268
578 707 671 750 nora
688 707 728 748 nr
744 706 860 749 vareris
877 705 1070 749 nx'cmouns.

588 1371 647 1433 IV.
671 1371 732 1435 DE
755 1371 1061 1436 POENITENTIA.

364 1573 438 1636 Hoc
454 1572 683 1655 fragmentum,
697 1572 782 1656 quod
796 1574 905 1637 forsan
921 1594 959 1637 ex
974 1576 1096 1658 majore
1111 1595 1209 1657 opere
1220 1575 1320 1639 solum

319 1680 416 1754 extat,
432 1675 574 1760 primum
593 1675 735 1758 vulgavit
756 1676 899 1740 Labbius
921 1677 1058 1760 [Concil.
1076 1677 1168 1740 Paris
1189 1678 1244 1741 fol.
1263 1678 1320 1741 vol.

318 1776 397 1841 VII.
414 1799 445 1861 p.
463 1779 562 1860 1478]
577 1800 652 1842 cum
666 1779 727 1842 hac
748 1786 828 1842 nota
846 1780 993 1863 praefixa:
1019 1781 1061 1843 In
1084 1780 1200 1843 eodem
1217 1780 1321 1844 codice

317 1881 503 1945 Fiscanensi
518 1882 593 1944 MS.
610 1888 736 1964 reperta
751 1889 828 1945 sunt
850 1902 922 1965 quae
936 1888 1118 1965 sequuntur
1136 1883 1178 1946 ad
1198 1883 1321 1947 libellos

317 1983 555 2067 poenitentiales
573 1985 770 2067 pertinentia
784 2007 890 2068 neque
906 1985 983 2049 alibi
998 1986 1084 2068 quod
1098 1985 1210 2064 sciam,
1227 1985 1320 2050 edita.

318 2087 440 2150 Extant
454 2086 523 2150 haec
539 2086 635 2149 etiam
649 2088 685 2149 in
701 2087 779 2150 Cod.
797 2088 886 2152 Paris
901 2089 965 2152 No.
984 2089 1079 2152 1535.

656 2391 697 2453 V.
723 2390 978 2455 SERMONES.

361 2591 413 2654 Dn
445 2593 654 2656 Sermonibus
688 2593 752 2656 sive
782 2593 932 2672 homiliis,
964 2614 1036 2676 quae
1070 2594 1130 2658 sub
1162 2593 1318 2658 Bonifatii

315 2696 446 2758 nomine
475 2695 612 2777 vulgatae
643 2702 729 2773 sunt,
759 2696 841 2760 nihil
872 2703 920 2760 est
950 2717 1008 2760 cur
1037 2697 1143 2760 multa
1166 2695 1317 2760 dicamus.

315 2803 378 2865 Eas
410 2799 511 2864 edidit
536 2800 675 2883 primurn
699 2801 883 2864 Martenius
902 2801 938 2864 in
960 2801 1177 2884 Amplissimae
1199 2802 1317 2866 Collec-

313 2903 411 2967 tionis
433 2903 632 2986 Scriptorum
656 2911 801 2967 veterum
821 2911 910 2968 tomo
932 2905 974 2967 V.
997 2925 1028 2987 p.
1054 2906 1128 2968 186.
1176 2904 1260 2970 Quae
1281 2904 1317 2967 de

313 3007 352 3070 iis
372 3006 476 3070 editor
495 3005 629 3070 dicenda
651 3006 775 3084 habuit,
792 3007 827 3069 in
845 3006 1066 3070 admonitione
1079 3007 1208 3092 praevia,
1225 3027 1318 3090 quam

313 3110 349 3172 in
374 3117 486 3173 nostra
509 3108 650 3173 editione
681 3110 726 3192 [p.
752 3109 810 3192 53]
842 3109 1057 3193 repetivimus,
1080 3110 1183 3175 lector
1214 3109 1317 3173 videre

312 3220 428 3295 potest.
474 3214 517 3276 In
546 3212 624 3276 Cod.
655 3212 756 3275 Paris.
792 3213 908 3295 [Supp.
940 3212 1018 3295 205]
1047 3210 1145 3296 quem
1168 3233 1245 3277 cum
1268 3212 1315 3277 ed.

313 3317 413 3378 Mart.
430 3315 470 3379 ad
485 3315 616 3379 verbum
637 3314 760 3379 contuli
775 3315 1017 3398 quatuordecim
1032 3321 1164 3379 tantum
1179 3315 1317 3380 homilia

313 3426 434 3483 extant.
481 3420 514 3482 Is
543 3419 641 3481 codex
672 3418 749 3480 satis
779 3417 932 3500 antiquus
962 3425 1027 3480 est:
1065 3417 1122 3482 sed
1152 3419 1256 3482 haeret
1284 3419 1317 3481 in

314 3522 421 3584 animo
436 3543 508 3584 meo
524 3521 660 3604 suspicio
676 3521 832 3603 quaedam,
849 3542 890 3584 ne
910 3520 965 3584 isti
980 3542 1144 3584 sermones
1160 3522 1237 3585 stilo
1251 3542 1316 3584 ver-

313 3623 428 3686 borum
458 3631 491 3686 et
521 3623 560 3685 ad
583 3624 758 3705 legendum
782 3631 815 3687 et
841 3623 882 3687 ad
912 3623 1163 3706 intelligendum
1185 3623 1318 3688 faciliori

314 3733 442 3789 aetatem
459 3726 636 3809 sequiorem
650 3727 827 3790 redoleant.

358 3829 456 3891 Extat
486 3829 584 3892 etiam
613 3851 699 3893 unus
728 3836 785 3892 aut
817 3829 898 3892 alter
920 3850 959 3892 ex
984 3828 1034 3891 his
1058 3830 1262 3894 sermonibus
1283 3830 1318 3892 in

315 3931 431 3996 Codice
454 3932 626 3995 Parisiensi
651 3935 726 4010 340,
750 3931 804 3995 sed
829 3953 904 3995 cum
926 3931 996 3994 aliis
1025 3931 1217 4011 intersertis,
1242 3954 1318 4015 quos

315 4057 426 4098 omnes
458 4036 591 4119 inspexi,
622 4034 678 4098 sed
711 4035 855 4098 numeris
886 4034 1083 4117 distinguere
1119 4037 1316 4118 superfluum

315 4139 400 4202 duxi.
