<?xml version="1.0" encoding="UTF-8"?>
<!DOCTYPE html PUBLIC "-//W3C//DTD XHTML 1.0 Transitional//EN"
    "http://www.w3.org/TR/xhtml1/DTD/xhtml1-transitional.dtd">
<html xmlns="http://www.w3.org/1999/xhtml" xml:lang="en" lang="en">
 <head>
  <title>
</title>
<meta http-equiv="Content-Type" content="text/html;charset=utf-8" />
  <meta name='ocr-system' content='tesseract 3.04.00' />
  <meta name='ocr-capabilities' content='ocr_page ocr_carea ocr_par ocr_line ocrx_word'/>
</head>
<body>
  <div class='ocr_page' id='page_1' title='image "./operaquaeextant00bonigoog_0083.png"; bbox 0 0 3259 5467; ppageno 0'>
   <div class='ocr_carea' id='block_1_1' title="bbox 400 693 1129 755">
    <p class='ocr_par' dir='ltr' id='par_1_1' title="bbox 400 693 1129 755">
     <span class='ocr_line' id='line_1_1' title="bbox 400 693 1129 755; baseline -0.005 -1"><span class='ocrx_word' id='word_1_1' title='bbox 400 693 441 755; x_wconf 85' lang='lat'><strong>76</strong></span> <span class='ocrx_word' id='word_1_2' title='bbox 671 709 849 753; x_wconf 71' lang='lat' dir='ltr'><strong>nourrscrr</strong></span> <span class='ocrx_word' id='word_1_3' title='bbox 867 707 1129 752; x_wconf 71' lang='lat' dir='ltr'><strong>rucmnrrsoorr</strong></span> 
     </span>
    </p>
   </div>
   <div class='ocr_carea' id='block_1_2' title="bbox 452 1155 1344 1392">
    <p class='ocr_par' dir='ltr' id='par_1_2' title="bbox 452 1155 1344 1392">
     <span class='ocr_line' id='line_1_2' title="bbox 779 1155 1018 1220; baseline -0.004 -2"><span class='ocrx_word' id='word_1_4' title='bbox 779 1155 934 1220; x_wconf 82' lang='lat' dir='ltr'>SERMO</span> <span class='ocrx_word' id='word_1_5' title='bbox 957 1155 1018 1218; x_wconf 90' lang='lat' dir='ltr'><strong>VI.</strong></span> 
     </span>
     <span class='ocr_line' id='line_1_3' title="bbox 452 1307 1344 1392; baseline -0.002 -19"><span class='ocrx_word' id='word_1_6' title='bbox 452 1313 501 1374; x_wconf 92' lang='lat' dir='ltr'><strong>De</strong></span> <span class='ocrx_word' id='word_1_7' title='bbox 516 1310 702 1392; x_wconf 59' lang='lat' dir='ltr'><strong>capitalium</strong></span> <span class='ocrx_word' id='word_1_8' title='bbox 710 1311 852 1390; x_wconf 78' lang='lat' dir='ltr'><strong>peccatis</strong></span> <span class='ocrx_word' id='word_1_9' title='bbox 867 1314 897 1371; x_wconf 81' lang='lat' dir='ltr'><strong>et</strong></span> <span class='ocrx_word' id='word_1_10' title='bbox 906 1308 1077 1389; x_wconf 73' lang='lat' dir='ltr'><strong>precipuis</strong></span> <span class='ocrx_word' id='word_1_11' title='bbox 1091 1307 1153 1369; x_wconf 81' lang='lat' dir='ltr'><strong>Dei</strong></span> <span class='ocrx_word' id='word_1_12' title='bbox 1161 1310 1344 1390; x_wconf 77' lang='lat' dir='ltr'><strong>preceptis.</strong></span> 
     </span>
    </p>
   </div>
   <div class='ocr_carea' id='block_1_3' title="bbox 395 1460 1402 2171">
    <p class='ocr_par' dir='ltr' id='par_1_3' title="bbox 395 1460 1402 2171">
     <span class='ocr_line' id='line_1_4' title="bbox 439 1460 1401 1544; baseline -0.004 -16"><span class='ocrx_word' id='word_1_13' title='bbox 439 1466 575 1528; x_wconf 82' lang='lat' dir='ltr'><strong>Auurru</strong></span> <span class='ocrx_word' id='word_1_14' title='bbox 591 1470 624 1527; x_wconf 87' lang='lat' dir='ltr'><strong>et</strong></span> <span class='ocrx_word' id='word_1_15' title='bbox 639 1461 821 1544; x_wconf 84' lang='lat' dir='ltr'><strong>intelligite,</strong></span> <span class='ocrx_word' id='word_1_16' title='bbox 837 1460 1002 1538; x_wconf 77' lang='lat' dir='ltr'><strong>carissimi,</strong></span> <span class='ocrx_word' id='word_1_17' title='bbox 1018 1460 1079 1523; x_wconf 90' lang='lat' dir='ltr'><strong>boc</strong></span> <span class='ocrx_word' id='word_1_18' title='bbox 1102 1467 1151 1524; x_wconf 90' lang='lat' dir='ltr'><strong>est</strong></span> <span class='ocrx_word' id='word_1_19' title='bbox 1171 1461 1306 1525; x_wconf 89' lang='lat' dir='ltr'><strong>verbum</strong></span> <span class='ocrx_word' id='word_1_20' title='bbox 1328 1461 1401 1525; x_wconf 88' lang='lat' dir='ltr'><strong>fidei</strong></span> 
     </span>
     <span class='ocr_line' id='line_1_5' title="bbox 396 1563 1400 1651; baseline -0.002 -21"><span class='ocrx_word' id='word_1_21' title='bbox 396 1567 482 1651; x_wconf 92' lang='lat' dir='ltr'><strong>quod</strong></span> <span class='ocrx_word' id='word_1_22' title='bbox 498 1566 718 1650; x_wconf 86' lang='lat' dir='ltr'><strong>praedicamus,</strong></span> <span class='ocrx_word' id='word_1_23' title='bbox 734 1572 772 1628; x_wconf 93' lang='lat' dir='ltr'><strong>ut</strong></span> <span class='ocrx_word' id='word_1_24' title='bbox 790 1565 959 1628; x_wconf 85' lang='lat' dir='ltr'><strong>credamus</strong></span> <span class='ocrx_word' id='word_1_25' title='bbox 974 1564 1010 1629; x_wconf 92' lang='lat' dir='ltr'><strong>iu</strong></span> <span class='ocrx_word' id='word_1_26' title='bbox 1025 1565 1133 1628; x_wconf 90' lang='lat' dir='ltr'><strong>Deum</strong></span> <span class='ocrx_word' id='word_1_27' title='bbox 1148 1563 1282 1629; x_wconf 90' lang='lat' dir='ltr'><strong>Patrem</strong></span> <span class='ocrx_word' id='word_1_28' title='bbox 1298 1565 1400 1629; x_wconf 90' lang='lat' dir='ltr'><strong>omni-</strong></span> 
     </span>
     <span class='ocr_line' id='line_1_6' title="bbox 396 1669 1401 1755; baseline -0.004 -19"><span class='ocrx_word' id='word_1_29' title='bbox 396 1678 573 1755; x_wconf 89' lang='lat' dir='ltr'><strong>potentem,</strong></span> <span class='ocrx_word' id='word_1_30' title='bbox 595 1677 627 1734; x_wconf 89' lang='lat' dir='ltr'><strong>et</strong></span> <span class='ocrx_word' id='word_1_31' title='bbox 650 1670 685 1733; x_wconf 90' lang='lat' dir='ltr'><strong>in</strong></span> <span class='ocrx_word' id='word_1_32' title='bbox 711 1671 825 1732; x_wconf 88' lang='lat' dir='ltr'><strong>Jesum</strong></span> <span class='ocrx_word' id='word_1_33' title='bbox 852 1669 1018 1733; x_wconf 82' lang='lat' dir='ltr'><strong>Christum</strong></span> <span class='ocrx_word' id='word_1_34' title='bbox 1042 1669 1146 1732; x_wconf 88' lang='lat' dir='ltr'><strong>filium</strong></span> <span class='ocrx_word' id='word_1_35' title='bbox 1171 1669 1242 1753; x_wconf 89' lang='lat' dir='ltr'><strong>ejus</strong></span> <span class='ocrx_word' id='word_1_36' title='bbox 1269 1670 1401 1733; x_wconf 90' lang='lat' dir='ltr'><strong>unicum</strong></span> 
     </span>
     <span class='ocr_line' id='line_1_7' title="bbox 398 1771 1402 1856; baseline -0.005 -16"><span class='ocrx_word' id='word_1_37' title='bbox 398 1776 577 1840; x_wconf 90' lang='lat' dir='ltr'><strong>Dominum</strong></span> <span class='ocrx_word' id='word_1_38' title='bbox 599 1779 757 1851; x_wconf 91' lang='lat' dir='ltr'><strong>nostrum,</strong></span> <span class='ocrx_word' id='word_1_39' title='bbox 777 1779 809 1836; x_wconf 92' lang='lat' dir='ltr'><strong>et</strong></span> <span class='ocrx_word' id='word_1_40' title='bbox 832 1772 1000 1836; x_wconf 83' lang='lat' dir='ltr'><strong>credamus</strong></span> <span class='ocrx_word' id='word_1_41' title='bbox 1022 1772 1058 1835; x_wconf 93' lang='lat' dir='ltr'><strong>in</strong></span> <span class='ocrx_word' id='word_1_42' title='bbox 1080 1771 1402 1856; x_wconf 74' lang='lat' dir='ltr'><strong>Spiritum-sanction</strong></span> 
     </span>
     <span class='ocr_line' id='line_1_8' title="bbox 395 1875 1401 1959; baseline -0.003 -17"><span class='ocrx_word' id='word_1_43' title='bbox 395 1901 500 1942; x_wconf 90' lang='lat' dir='ltr'><strong>unum</strong></span> <span class='ocrx_word' id='word_1_44' title='bbox 526 1879 634 1941; x_wconf 90' lang='lat' dir='ltr'><strong>Deum</strong></span> <span class='ocrx_word' id='word_1_45' title='bbox 664 1876 918 1959; x_wconf 88' lang='lat' dir='ltr'><strong>omnipotentem</strong></span> <span class='ocrx_word' id='word_1_46' title='bbox 948 1876 984 1940; x_wconf 90' lang='lat' dir='ltr'><strong>in</strong></span> <span class='ocrx_word' id='word_1_47' title='bbox 1012 1875 1140 1940; x_wconf 87' lang='lat' dir='ltr'><strong>unitate</strong></span> <span class='ocrx_word' id='word_1_48' title='bbox 1166 1882 1200 1940; x_wconf 93' lang='lat' dir='ltr'><strong>et</strong></span> <span class='ocrx_word' id='word_1_49' title='bbox 1227 1876 1401 1954; x_wconf 88' lang='lat' dir='ltr'><strong>Trinitate,</strong></span> 
     </span>
     <span class='ocr_line' id='line_1_9' title="bbox 396 1979 1401 2064; baseline -0.003 -18"><span class='ocrx_word' id='word_1_50' title='bbox 396 1982 521 2046; x_wconf 89' lang='lat' dir='ltr'><strong>trinum</strong></span> <span class='ocrx_word' id='word_1_51' title='bbox 544 1981 580 2043; x_wconf 93' lang='lat' dir='ltr'><strong>in</strong></span> <span class='ocrx_word' id='word_1_52' title='bbox 603 1979 748 2064; x_wconf 86' lang='lat' dir='ltr'><strong>personis</strong></span> <span class='ocrx_word' id='word_1_53' title='bbox 768 1985 801 2042; x_wconf 93' lang='lat' dir='ltr'><strong>et</strong></span> <span class='ocrx_word' id='word_1_54' title='bbox 823 1979 1019 2058; x_wconf 88' lang='lat' dir='ltr'><strong>nominibus,</strong></span> <span class='ocrx_word' id='word_1_55' title='bbox 1041 1986 1074 2042; x_wconf 92' lang='lat' dir='ltr'><strong>et</strong></span> <span class='ocrx_word' id='word_1_56' title='bbox 1096 2001 1201 2042; x_wconf 93' lang='lat' dir='ltr'><strong>unum</strong></span> <span class='ocrx_word' id='word_1_57' title='bbox 1223 1980 1259 2042; x_wconf 93' lang='lat' dir='ltr'><strong>in</strong></span> <span class='ocrx_word' id='word_1_58' title='bbox 1282 1980 1401 2043; x_wconf 85' lang='lat' dir='ltr'><strong>deitate</strong></span> 
     </span>
     <span class='ocr_line' id='line_1_10' title="bbox 395 2082 1401 2171; baseline -0.004 -22"><span class='ocrx_word' id='word_1_59' title='bbox 395 2084 573 2171; x_wconf 87' lang='lat' dir='ltr'><strong>majestatis</strong></span> <span class='ocrx_word' id='word_1_60' title='bbox 599 2091 632 2148; x_wconf 90' lang='lat' dir='ltr'><strong>et</strong></span> <span class='ocrx_word' id='word_1_61' title='bbox 656 2083 834 2167; x_wconf 87' lang='lat' dir='ltr'><strong>potestatis.</strong></span> <span class='ocrx_word' id='word_1_62' title='bbox 881 2083 954 2147; x_wconf 91' lang='lat' dir='ltr'><strong>Hoc</strong></span> <span class='ocrx_word' id='word_1_63' title='bbox 979 2090 1028 2146; x_wconf 91' lang='lat' dir='ltr'><strong>est</strong></span> <span class='ocrx_word' id='word_1_64' title='bbox 1053 2082 1189 2146; x_wconf 84' lang='lat' dir='ltr'><strong>verbum</strong></span> <span class='ocrx_word' id='word_1_65' title='bbox 1214 2082 1292 2147; x_wconf 91' lang='lat' dir='ltr'><strong>fidei</strong></span> <span class='ocrx_word' id='word_1_66' title='bbox 1316 2083 1401 2166; x_wconf 95' lang='lat' dir='ltr'><strong>quod</strong></span> 
     </span>
    </p>
   </div>
   <div class='ocr_carea' id='block_1_4' title="bbox 390 2185 1400 4645">
    <p class='ocr_par' dir='ltr' id='par_1_4' title="bbox 390 2185 1400 4645">
     <span class='ocr_line' id='line_1_11' title="bbox 395 2185 1400 2274; baseline -0.003 -22"><span class='ocrx_word' id='word_1_67' title='bbox 395 2189 616 2274; x_wconf 88' lang='lat' dir='ltr'><strong>praedicamus,</strong></span> <span class='ocrx_word' id='word_1_68' title='bbox 639 2194 678 2250; x_wconf 93' lang='lat' dir='ltr'><strong>ut</strong></span> <span class='ocrx_word' id='word_1_69' title='bbox 704 2186 924 2251; x_wconf 88' lang='lat' dir='ltr'><strong>discernamus</strong></span> <span class='ocrx_word' id='word_1_70' title='bbox 949 2185 1036 2249; x_wconf 90' lang='lat' dir='ltr'><strong>inter</strong></span> <span class='ocrx_word' id='word_1_71' title='bbox 1060 2185 1185 2249; x_wconf 90' lang='lat' dir='ltr'><strong>bonum</strong></span> <span class='ocrx_word' id='word_1_72' title='bbox 1209 2193 1241 2249; x_wconf 92' lang='lat' dir='ltr'><strong>et</strong></span> <span class='ocrx_word' id='word_1_73' title='bbox 1267 2187 1400 2264; x_wconf 88' lang='lat' dir='ltr'><strong>malum,</strong></span> 
     </span>
     <span class='ocr_line' id='line_1_12' title="bbox 395 2289 1400 2376; baseline -0.003 -20"><span class='ocrx_word' id='word_1_74' title='bbox 395 2293 481 2356; x_wconf 89' lang='lat' dir='ltr'><strong>inter</strong></span> <span class='ocrx_word' id='word_1_75' title='bbox 495 2293 586 2376; x_wconf 89' lang='lat' dir='ltr'><strong>pium</strong></span> <span class='ocrx_word' id='word_1_76' title='bbox 601 2297 633 2354; x_wconf 89' lang='lat' dir='ltr'><strong>et</strong></span> <span class='ocrx_word' id='word_1_77' title='bbox 648 2289 793 2374; x_wconf 91' lang='lat' dir='ltr'><strong>impium,</strong></span> <span class='ocrx_word' id='word_1_78' title='bbox 809 2291 895 2354; x_wconf 88' lang='lat' dir='ltr'><strong>inter</strong></span> <span class='ocrx_word' id='word_1_79' title='bbox 911 2289 1072 2373; x_wconf 85' lang='lat' dir='ltr'><strong>justitiam</strong></span> <span class='ocrx_word' id='word_1_80' title='bbox 1086 2297 1120 2353; x_wconf 91' lang='lat' dir='ltr'><strong>et</strong></span> <span class='ocrx_word' id='word_1_81' title='bbox 1135 2289 1353 2372; x_wconf 87' lang='lat' dir='ltr'><strong>iniquitatem,</strong></span> <span class='ocrx_word' id='word_1_82' title='bbox 1368 2289 1400 2353; x_wconf 95' lang='lat' dir='ltr'><strong>id</strong></span> 
     </span>
     <span class='ocr_line' id='line_1_13' title="bbox 395 2392 1399 2476; baseline -0.004 -17"><span class='ocrx_word' id='word_1_83' title='bbox 395 2402 445 2459; x_wconf 91' lang='lat' dir='ltr'><strong>est</strong></span> <span class='ocrx_word' id='word_1_84' title='bbox 464 2396 550 2458; x_wconf 89' lang='lat' dir='ltr'><strong>inter</strong></span> <span class='ocrx_word' id='word_1_85' title='bbox 572 2393 721 2476; x_wconf 88' lang='lat' dir='ltr'><strong>capitalia</strong></span> <span class='ocrx_word' id='word_1_86' title='bbox 742 2400 873 2476; x_wconf 89' lang='lat' dir='ltr'><strong>peccata</strong></span> <span class='ocrx_word' id='word_1_87' title='bbox 895 2401 928 2457; x_wconf 90' lang='lat' dir='ltr'><strong>et</strong></span> <span class='ocrx_word' id='word_1_88' title='bbox 950 2394 1037 2457; x_wconf 90' lang='lat' dir='ltr'><strong>inter</strong></span> <span class='ocrx_word' id='word_1_89' title='bbox 1059 2393 1209 2476; x_wconf 86' lang='lat' dir='ltr'><strong>capitalia</strong></span> <span class='ocrx_word' id='word_1_90' title='bbox 1229 2400 1262 2457; x_wconf 92' lang='lat' dir='ltr'><strong>et</strong></span> <span class='ocrx_word' id='word_1_91' title='bbox 1282 2392 1399 2476; x_wconf 89' lang='lat' dir='ltr'><strong>prinei·</strong></span> 
     </span>
     <span class='ocr_line' id='line_1_14' title="bbox 395 2496 1399 2581; baseline -0.002 -21"><span class='ocrx_word' id='word_1_92' title='bbox 395 2499 481 2580; x_wconf 88' lang='lat' dir='ltr'><strong>palia</strong></span> <span class='ocrx_word' id='word_1_93' title='bbox 500 2503 659 2581; x_wconf 86' lang='lat' dir='ltr'><strong>praecepta</strong></span> <span class='ocrx_word' id='word_1_94' title='bbox 680 2503 713 2559; x_wconf 89' lang='lat' dir='ltr'><strong>et</strong></span> <span class='ocrx_word' id='word_1_95' title='bbox 730 2497 886 2559; x_wconf 89' lang='lat' dir='ltr'><strong>mandata</strong></span> <span class='ocrx_word' id='word_1_96' title='bbox 900 2496 973 2561; x_wconf 90' lang='lat' dir='ltr'><strong>Dei.</strong></span> <span class='ocrx_word' id='word_1_97' title='bbox 1019 2496 1101 2560; x_wconf 90' lang='lat' dir='ltr'><strong>Haec</strong></span> <span class='ocrx_word' id='word_1_98' title='bbox 1119 2496 1207 2559; x_wconf 92' lang='lat' dir='ltr'><strong>enim</strong></span> <span class='ocrx_word' id='word_1_99' title='bbox 1222 2503 1301 2560; x_wconf 92' lang='lat' dir='ltr'><strong>sunt</strong></span> <span class='ocrx_word' id='word_1_100' title='bbox 1316 2497 1399 2579; x_wconf 88' lang='lat' dir='ltr'><strong>capi-</strong></span> 
     </span>
     <span class='ocr_line' id='line_1_15' title="bbox 394 2599 1399 2684; baseline 0.002 -22"><span class='ocrx_word' id='word_1_101' title='bbox 394 2600 473 2663; x_wconf 86' lang='lat' dir='ltr'><strong>talia</strong></span> <span class='ocrx_word' id='word_1_102' title='bbox 486 2606 627 2684; x_wconf 87' lang='lat' dir='ltr'><strong>peccata.</strong></span> <span class='ocrx_word' id='word_1_103' title='bbox 675 2600 886 2682; x_wconf 88' lang='lat' dir='ltr'><strong>Sacrilegium</strong></span> <span class='ocrx_word' id='word_1_104' title='bbox 909 2599 996 2682; x_wconf 93' lang='lat' dir='ltr'><strong>quod</strong></span> <span class='ocrx_word' id='word_1_105' title='bbox 1014 2599 1132 2663; x_wconf 88' lang='lat' dir='ltr'><strong>dieitur</strong></span> <span class='ocrx_word' id='word_1_106' title='bbox 1151 2600 1280 2664; x_wconf 88' lang='lat' dir='ltr'><strong>cultura</strong></span> <span class='ocrx_word' id='word_1_107' title='bbox 1300 2599 1399 2664; x_wconf 92' lang='lat' dir='ltr'><strong>idolo-</strong></span> 
     </span>
     <span class='ocr_line' id='line_1_16' title="bbox 395 2701 1398 2786; baseline 0.001 -21"><span class='ocrx_word' id='word_1_108' title='bbox 395 2723 480 2766; x_wconf 89' lang='lat' dir='ltr'><strong>rum.</strong></span> <span class='ocrx_word' id='word_1_109' title='bbox 531 2701 651 2766; x_wconf 89' lang='lat' dir='ltr'><strong>Omnia</strong></span> <span class='ocrx_word' id='word_1_110' title='bbox 673 2710 782 2766; x_wconf 86' lang='lat' dir='ltr'><strong>autem</strong></span> <span class='ocrx_word' id='word_1_111' title='bbox 805 2703 961 2767; x_wconf 89' lang='lat' dir='ltr'><strong>sacrificia</strong></span> <span class='ocrx_word' id='word_1_112' title='bbox 980 2710 1013 2766; x_wconf 92' lang='lat' dir='ltr'><strong>et</strong></span> <span class='ocrx_word' id='word_1_113' title='bbox 1034 2703 1169 2786; x_wconf 84' lang='lat' dir='ltr'><strong>auguria</strong></span> <span class='ocrx_word' id='word_1_114' title='bbox 1187 2725 1398 2786; x_wconf 85' lang='lat' dir='ltr'><strong>paganorum,</strong></span> 
     </span>
     <span class='ocr_line' id='line_1_17' title="bbox 396 2805 1398 2889; baseline 0.002 -21"><span class='ocrx_word' id='word_1_115' title='bbox 396 2805 562 2889; x_wconf 85' lang='lat' dir='ltr'><strong>sacrilegia</strong></span> <span class='ocrx_word' id='word_1_116' title='bbox 584 2811 670 2884; x_wconf 87' lang='lat' dir='ltr'><strong>sunt,</strong></span> <span class='ocrx_word' id='word_1_117' title='bbox 696 2806 969 2888; x_wconf 86' lang='lat' dir='ltr'><strong>quemadmodum</strong></span> <span class='ocrx_word' id='word_1_118' title='bbox 994 2812 1072 2869; x_wconf 90' lang='lat' dir='ltr'><strong>sunt</strong></span> <span class='ocrx_word' id='word_1_119' title='bbox 1097 2806 1252 2870; x_wconf 90' lang='lat' dir='ltr'><strong>sacrificia</strong></span> <span class='ocrx_word' id='word_1_120' title='bbox 1276 2814 1398 2870; x_wconf 89' lang='lat' dir='ltr'><strong>mortu-</strong></span> 
     </span>
     <span class='ocr_line' id='line_1_18' title="bbox 393 2909 1396 2993; baseline 0.002 -21"><span class='ocrx_word' id='word_1_121' title='bbox 393 2931 487 2972; x_wconf 91' lang='lat' dir='ltr'><strong>orum</strong></span> <span class='ocrx_word' id='word_1_122' title='bbox 512 2909 665 2973; x_wconf 89' lang='lat' dir='ltr'><strong>defuncta</strong></span> <span class='ocrx_word' id='word_1_123' title='bbox 693 2930 834 2992; x_wconf 88' lang='lat' dir='ltr'><strong>corpora,</strong></span> <span class='ocrx_word' id='word_1_124' title='bbox 859 2911 910 2973; x_wconf 89' lang='lat' dir='ltr'><strong>vel</strong></span> <span class='ocrx_word' id='word_1_125' title='bbox 940 2931 1036 2993; x_wconf 88' lang='lat' dir='ltr'><strong>super</strong></span> <span class='ocrx_word' id='word_1_126' title='bbox 1062 2909 1231 2993; x_wconf 87' lang='lat' dir='ltr'><strong>sepulchra</strong></span> <span class='ocrx_word' id='word_1_127' title='bbox 1256 2909 1396 2988; x_wconf 88' lang='lat' dir='ltr'><strong>illorum,</strong></span> 
     </span>
     <span class='ocr_line' id='line_1_19' title="bbox 395 3012 1398 3097; baseline 0 -22"><span class='ocrx_word' id='word_1_128' title='bbox 395 3013 459 3075; x_wconf 91' lang='lat' dir='ltr'><strong>sive</strong></span> <span class='ocrx_word' id='word_1_129' title='bbox 483 3012 628 3096; x_wconf 83' lang='lat' dir='ltr'><strong>auguria,</strong></span> <span class='ocrx_word' id='word_1_130' title='bbox 652 3013 717 3075; x_wconf 90' lang='lat' dir='ltr'><strong>sive</strong></span> <span class='ocrx_word' id='word_1_131' title='bbox 739 3012 903 3091; x_wconf 86' lang='lat' dir='ltr'><strong>filacteria,</strong></span> <span class='ocrx_word' id='word_1_132' title='bbox 927 3013 992 3077; x_wconf 88' lang='lat' dir='ltr'><strong>sive</strong></span> <span class='ocrx_word' id='word_1_133' title='bbox 1017 3034 1088 3095; x_wconf 86' lang='lat' dir='ltr'><strong>quae</strong></span> <span class='ocrx_word' id='word_1_134' title='bbox 1111 3013 1283 3078; x_wconf 88' lang='lat' dir='ltr'><strong>immolant</strong></span> <span class='ocrx_word' id='word_1_135' title='bbox 1305 3033 1398 3097; x_wconf 85' lang='lat' dir='ltr'><strong>super</strong></span> 
     </span>
     <span class='ocr_line' id='line_1_20' title="bbox 393 3116 1397 3199; baseline 0 -20"><span class='ocrx_word' id='word_1_136' title='bbox 393 3122 509 3199; x_wconf 85' lang='lat' dir='ltr'><strong>petras,</strong></span> <span class='ocrx_word' id='word_1_137' title='bbox 526 3117 591 3179; x_wconf 89' lang='lat' dir='ltr'><strong>sive</strong></span> <span class='ocrx_word' id='word_1_138' title='bbox 611 3116 653 3179; x_wconf 89' lang='lat' dir='ltr'><strong>ad</strong></span> <span class='ocrx_word' id='word_1_139' title='bbox 674 3116 790 3194; x_wconf 84' lang='lat' dir='ltr'><strong>fontes,</strong></span> <span class='ocrx_word' id='word_1_140' title='bbox 807 3116 872 3179; x_wconf 88' lang='lat' dir='ltr'><strong>sive</strong></span> <span class='ocrx_word' id='word_1_141' title='bbox 891 3116 932 3179; x_wconf 92' lang='lat' dir='ltr'><strong>ad</strong></span> <span class='ocrx_word' id='word_1_142' title='bbox 948 3116 1086 3196; x_wconf 88' lang='lat' dir='ltr'><strong>arbores,</strong></span> <span class='ocrx_word' id='word_1_143' title='bbox 1103 3117 1124 3178; x_wconf 89' lang='lat' dir='ltr'>J</span> <span class='ocrx_word' id='word_1_144' title='bbox 1126 3116 1185 3194; x_wconf 87' lang='lat' dir='ltr'><strong>ovi,</strong></span> <span class='ocrx_word' id='word_1_145' title='bbox 1201 3117 1252 3179; x_wconf 87' lang='lat' dir='ltr'><strong>vel</strong></span> <span class='ocrx_word' id='word_1_146' title='bbox 1267 3117 1397 3179; x_wconf 89' lang='lat' dir='ltr'><strong>Mercu·</strong></span> 
     </span>
     <span class='ocr_line' id='line_1_21' title="bbox 393 3219 1397 3303; baseline -0.001 -20"><span class='ocrx_word' id='word_1_147' title='bbox 393 3220 451 3298; x_wconf 89' lang='lat' dir='ltr'><strong>rio,</strong></span> <span class='ocrx_word' id='word_1_148' title='bbox 466 3220 516 3283; x_wconf 90' lang='lat' dir='ltr'><strong>vel</strong></span> <span class='ocrx_word' id='word_1_149' title='bbox 532 3219 602 3283; x_wconf 89' lang='lat' dir='ltr'><strong>aliis</strong></span> <span class='ocrx_word' id='word_1_150' title='bbox 618 3219 678 3282; x_wconf 89' lang='lat' dir='ltr'><strong>diis</strong></span> <span class='ocrx_word' id='word_1_151' title='bbox 694 3241 905 3302; x_wconf 84' lang='lat' dir='ltr'><strong>paganorum,</strong></span> <span class='ocrx_word' id='word_1_152' title='bbox 922 3241 993 3303; x_wconf 84' lang='lat' dir='ltr'><strong>quae</strong></span> <span class='ocrx_word' id='word_1_153' title='bbox 1009 3219 1117 3284; x_wconf 89' lang='lat' dir='ltr'><strong>omnia</strong></span> <span class='ocrx_word' id='word_1_154' title='bbox 1137 3219 1298 3283; x_wconf 83' lang='lat' dir='ltr'><strong>daemonia</strong></span> <span class='ocrx_word' id='word_1_155' title='bbox 1313 3227 1397 3296; x_wconf 86' lang='lat' dir='ltr'><strong>sunt,</strong></span> 
     </span>
     <span class='ocr_line' id='line_1_22' title="bbox 393 3322 1397 3406; baseline -0.001 -21"><span class='ocrx_word' id='word_1_156' title='bbox 393 3330 427 3385; x_wconf 90' lang='lat' dir='ltr'><strong>et</strong></span> <span class='ocrx_word' id='word_1_157' title='bbox 441 3323 546 3386; x_wconf 91' lang='lat' dir='ltr'><strong>multa</strong></span> <span class='ocrx_word' id='word_1_158' title='bbox 561 3322 624 3386; x_wconf 90' lang='lat' dir='ltr'><strong>alia</strong></span> <span class='ocrx_word' id='word_1_159' title='bbox 639 3344 711 3405; x_wconf 89' lang='lat' dir='ltr'><strong>quae</strong></span> <span class='ocrx_word' id='word_1_160' title='bbox 726 3343 915 3386; x_wconf 87' lang='lat' dir='ltr'><strong>enumerare</strong></span> <span class='ocrx_word' id='word_1_161' title='bbox 934 3323 1070 3406; x_wconf 85' lang='lat' dir='ltr'><strong>longum</strong></span> <span class='ocrx_word' id='word_1_162' title='bbox 1088 3328 1146 3400; x_wconf 89' lang='lat' dir='ltr'><strong>est,</strong></span> <span class='ocrx_word' id='word_1_163' title='bbox 1163 3343 1235 3405; x_wconf 83' lang='lat' dir='ltr'><strong>quae</strong></span> <span class='ocrx_word' id='word_1_164' title='bbox 1248 3322 1397 3385; x_wconf 86' lang='lat' dir='ltr'><strong>universa</strong></span> 
     </span>
     <span class='ocr_line' id='line_1_23' title="bbox 390 3424 1396 3510; baseline 0.001 -22"><span class='ocrx_word' id='word_1_165' title='bbox 390 3428 485 3510; x_wconf 83' lang='lat' dir='ltr'><strong>juxta</strong></span> <span class='ocrx_word' id='word_1_166' title='bbox 501 3424 660 3509; x_wconf 89' lang='lat' dir='ltr'><strong>judicium</strong></span> <span class='ocrx_word' id='word_1_167' title='bbox 681 3431 867 3489; x_wconf 85' lang='lat' dir='ltr'><strong>sanctorum</strong></span> <span class='ocrx_word' id='word_1_168' title='bbox 884 3432 1015 3509; x_wconf 89' lang='lat' dir='ltr'><strong>patrum</strong></span> <span class='ocrx_word' id='word_1_169' title='bbox 1035 3425 1201 3507; x_wconf 85' lang='lat' dir='ltr'><strong>sacrilegia</strong></span> <span class='ocrx_word' id='word_1_170' title='bbox 1221 3447 1240 3488; x_wconf 90' lang='lat' dir='ltr'><strong>a</strong></span> <span class='ocrx_word' id='word_1_171' title='bbox 1262 3425 1396 3489; x_wconf 87' lang='lat' dir='ltr'><strong>Christi-</strong></span> 
     </span>
     <span class='ocr_line' id='line_1_24' title="bbox 394 3528 1396 3611; baseline 0.001 -22"><span class='ocrx_word' id='word_1_172' title='bbox 394 3528 464 3590; x_wconf 87' lang='lat' dir='ltr'><strong>anis</strong></span> <span class='ocrx_word' id='word_1_173' title='bbox 489 3528 621 3590; x_wconf 87' lang='lat' dir='ltr'><strong>vitanda</strong></span> <span class='ocrx_word' id='word_1_174' title='bbox 643 3535 676 3591; x_wconf 92' lang='lat' dir='ltr'><strong>et</strong></span> <span class='ocrx_word' id='word_1_175' title='bbox 706 3528 898 3592; x_wconf 86' lang='lat' dir='ltr'><strong>detestanda</strong></span> <span class='ocrx_word' id='word_1_176' title='bbox 927 3536 960 3592; x_wconf 90' lang='lat' dir='ltr'><strong>et</strong></span> <span class='ocrx_word' id='word_1_177' title='bbox 991 3529 1139 3610; x_wconf 88' lang='lat' dir='ltr'><strong>capitalia</strong></span> <span class='ocrx_word' id='word_1_178' title='bbox 1167 3535 1301 3611; x_wconf 87' lang='lat' dir='ltr'><strong>peccata</strong></span> <span class='ocrx_word' id='word_1_179' title='bbox 1330 3548 1396 3592; x_wconf 90' lang='lat' dir='ltr'><strong>esse</strong></span> 
     </span>
     <span class='ocr_line' id='line_1_25' title="bbox 395 3629 1396 3711; baseline 0 -18"><span class='ocrx_word' id='word_1_180' title='bbox 395 3630 617 3694; x_wconf 88' lang='lat' dir='ltr'><strong>dinoscuntur.</strong></span> <span class='ocrx_word' id='word_1_181' title='bbox 664 3629 896 3710; x_wconf 90' lang='lat' dir='ltr'><strong>Homicidium‚</strong></span> <span class='ocrx_word' id='word_1_182' title='bbox 912 3630 1118 3711; x_wconf 84' lang='lat' dir='ltr'><strong>adulterium,</strong></span> <span class='ocrx_word' id='word_1_183' title='bbox 1140 3631 1311 3696; x_wconf 84' lang='lat' dir='ltr'><strong>fornicatio</strong></span> <span class='ocrx_word' id='word_1_184' title='bbox 1334 3630 1396 3694; x_wconf 86' lang='lat' dir='ltr'><strong>sive</strong></span> 
     </span>
     <span class='ocr_line' id='line_1_26' title="bbox 395 3732 1396 3819; baseline 0.002 -25"><span class='ocrx_word' id='word_1_185' title='bbox 395 3754 471 3795; x_wconf 93' lang='lat' dir='ltr'><strong>cum</strong></span> <span class='ocrx_word' id='word_1_186' title='bbox 485 3732 629 3797; x_wconf 85' lang='lat' dir='ltr'><strong>humana</strong></span> <span class='ocrx_word' id='word_1_187' title='bbox 643 3740 770 3814; x_wconf 90' lang='lat' dir='ltr'><strong>natura,</strong></span> <span class='ocrx_word' id='word_1_188' title='bbox 786 3735 851 3798; x_wconf 87' lang='lat' dir='ltr'><strong>sive</strong></span> <span class='ocrx_word' id='word_1_189' title='bbox 867 3756 942 3798; x_wconf 90' lang='lat' dir='ltr'><strong>cum</strong></span> <span class='ocrx_word' id='word_1_190' title='bbox 963 3735 1155 3799; x_wconf 86' lang='lat' dir='ltr'><strong>animalibus</strong></span> <span class='ocrx_word' id='word_1_191' title='bbox 1170 3741 1203 3798; x_wconf 93' lang='lat' dir='ltr'><strong>et</strong></span> <span class='ocrx_word' id='word_1_192' title='bbox 1218 3734 1396 3819; x_wconf 86' lang='lat' dir='ltr'><strong>pecoribus,</strong></span> 
     </span>
     <span class='ocr_line' id='line_1_27' title="bbox 395 3835 1395 3917; baseline -0.001 -19"><span class='ocrx_word' id='word_1_193' title='bbox 395 3835 459 3899; x_wconf 86' lang='lat' dir='ltr'><strong>sive</strong></span> <span class='ocrx_word' id='word_1_194' title='bbox 483 3837 617 3901; x_wconf 88' lang='lat' dir='ltr'><strong>masculi</strong></span> <span class='ocrx_word' id='word_1_195' title='bbox 639 3858 714 3901; x_wconf 90' lang='lat' dir='ltr'><strong>cum</strong></span> <span class='ocrx_word' id='word_1_196' title='bbox 736 3839 896 3917; x_wconf 86' lang='lat' dir='ltr'><strong>masculis,</strong></span> <span class='ocrx_word' id='word_1_197' title='bbox 920 3837 985 3902; x_wconf 89' lang='lat' dir='ltr'><strong>sive</strong></span> <span class='ocrx_word' id='word_1_198' title='bbox 1006 3838 1148 3902; x_wconf 81' lang='lat' dir='ltr'><strong>ioeminae</strong></span> <span class='ocrx_word' id='word_1_199' title='bbox 1170 3859 1245 3901; x_wconf 87' lang='lat' dir='ltr'><strong>cum</strong></span> <span class='ocrx_word' id='word_1_200' title='bbox 1266 3836 1395 3902; x_wconf 87' lang='lat' dir='ltr'><strong>feminis</strong></span> 
     </span>
     <span class='ocr_line' id='line_1_28' title="bbox 395 3939 1397 4025; baseline -0.001 -21"><span class='ocrx_word' id='word_1_201' title='bbox 395 3940 545 4005; x_wconf 85' lang='lat' dir='ltr'><strong>ardentes</strong></span> <span class='ocrx_word' id='word_1_202' title='bbox 567 3941 604 4006; x_wconf 92' lang='lat' dir='ltr'><strong>in</strong></span> <span class='ocrx_word' id='word_1_203' title='bbox 629 3941 793 4005; x_wconf 87' lang='lat' dir='ltr'><strong>desideriis</strong></span> <span class='ocrx_word' id='word_1_204' title='bbox 815 3941 964 4006; x_wconf 87' lang='lat' dir='ltr'><strong>invicem.</strong></span> <span class='ocrx_word' id='word_1_205' title='bbox 1011 3939 1092 4006; x_wconf 88' lang='lat' dir='ltr'><strong>Haec</strong></span> <span class='ocrx_word' id='word_1_206' title='bbox 1115 3941 1223 4005; x_wconf 89' lang='lat' dir='ltr'><strong>omnia</strong></span> <span class='ocrx_word' id='word_1_207' title='bbox 1249 3939 1397 4025; x_wconf 86' lang='lat' dir='ltr'><strong>capitalia</strong></span> 
     </span>
     <span class='ocr_line' id='line_1_29' title="bbox 394 4044 1396 4129; baseline -0.001 -21"><span class='ocrx_word' id='word_1_208' title='bbox 394 4050 623 4129; x_wconf 87' lang='lat' dir='ltr'><strong>peccatasunt.</strong></span> <span class='ocrx_word' id='word_1_209' title='bbox 654 4045 756 4108; x_wconf 82' lang='lat' dir='ltr'><strong>Furta</strong></span> <span class='ocrx_word' id='word_1_210' title='bbox 767 4052 800 4108; x_wconf 90' lang='lat' dir='ltr'><strong>et</strong></span> <span class='ocrx_word' id='word_1_211' title='bbox 811 4044 941 4129; x_wconf 86' lang='lat' dir='ltr'><strong>rapinae,</strong></span> <span class='ocrx_word' id='word_1_212' title='bbox 954 4045 1071 4109; x_wconf 82' lang='lat' dir='ltr'><strong>faisum</strong></span> <span class='ocrx_word' id='word_1_213' title='bbox 1081 4044 1316 4123; x_wconf 89' lang='lat' dir='ltr'><strong>testimonium,</strong></span> <span class='ocrx_word' id='word_1_214' title='bbox 1325 4064 1396 4128; x_wconf 88' lang='lat' dir='ltr'><strong>per·</strong></span> 
     </span>
     <span class='ocr_line' id='line_1_30' title="bbox 391 4147 1395 4233; baseline 0 -23"><span class='ocrx_word' id='word_1_215' title='bbox 391 4148 525 4230; x_wconf 91' lang='lat' dir='ltr'><strong>jurium,</strong></span> <span class='ocrx_word' id='word_1_216' title='bbox 552 4147 717 4226; x_wconf 77' lang='lat' dir='ltr'><strong>detractio,</strong></span> <span class='ocrx_word' id='word_1_217' title='bbox 742 4147 910 4231; x_wconf 86' lang='lat' dir='ltr'><strong>cupiditas,</strong></span> <span class='ocrx_word' id='word_1_218' title='bbox 936 4148 1094 4233; x_wconf 89' lang='lat' dir='ltr'><strong>superbia,</strong></span> <span class='ocrx_word' id='word_1_219' title='bbox 1117 4148 1246 4227; x_wconf 89' lang='lat' dir='ltr'><strong>invidia,</strong></span> <span class='ocrx_word' id='word_1_220' title='bbox 1274 4148 1395 4225; x_wconf 91' lang='lat' dir='ltr'><strong>odium,</strong></span> 
     </span>
     <span class='ocr_line' id='line_1_31' title="bbox 393 4250 1395 4335; baseline 0.003 -23"><span class='ocrx_word' id='word_1_221' title='bbox 393 4271 477 4313; x_wconf 87' lang='lat' dir='ltr'><strong>vana</strong></span> <span class='ocrx_word' id='word_1_222' title='bbox 499 4250 609 4333; x_wconf 88' lang='lat' dir='ltr'><strong>gloria,</strong></span> <span class='ocrx_word' id='word_1_223' title='bbox 626 4250 773 4329; x_wconf 89' lang='lat' dir='ltr'><strong>ebrietas,</strong></span> <span class='ocrx_word' id='word_1_224' title='bbox 792 4251 856 4314; x_wconf 90' lang='lat' dir='ltr'><strong>ista</strong></span> <span class='ocrx_word' id='word_1_225' title='bbox 878 4253 987 4315; x_wconf 89' lang='lat' dir='ltr'><strong>omnia</strong></span> <span class='ocrx_word' id='word_1_226' title='bbox 1006 4251 1155 4335; x_wconf 79' lang='lat' dir='ltr'><strong>capitalia</strong></span> <span class='ocrx_word' id='word_1_227' title='bbox 1175 4257 1309 4334; x_wconf 87' lang='lat' dir='ltr'><strong>peccata</strong></span> <span class='ocrx_word' id='word_1_228' title='bbox 1328 4272 1395 4315; x_wconf 91' lang='lat' dir='ltr'><strong>esse</strong></span> 
     </span>
     <span class='ocr_line' id='line_1_32' title="bbox 394 4352 1395 4438; baseline 0.002 -22"><span class='ocrx_word' id='word_1_229' title='bbox 394 4352 514 4436; x_wconf 87' lang='lat' dir='ltr'><strong>absque</strong></span> <span class='ocrx_word' id='word_1_230' title='bbox 530 4353 730 4417; x_wconf 91' lang='lat' dir='ltr'><strong>dubitatione</strong></span> <span class='ocrx_word' id='word_1_231' title='bbox 744 4355 1004 4438; x_wconf 87' lang='lat' dir='ltr'><strong>comprobantur.</strong></span> <span class='ocrx_word' id='word_1_232' title='bbox 1037 4355 1118 4418; x_wconf 87' lang='lat' dir='ltr'><strong>Haec</strong></span> <span class='ocrx_word' id='word_1_233' title='bbox 1133 4362 1210 4418; x_wconf 88' lang='lat' dir='ltr'><strong>sunt</strong></span> <span class='ocrx_word' id='word_1_234' title='bbox 1226 4376 1298 4438; x_wconf 90' lang='lat' dir='ltr'><strong>quae</strong></span> <span class='ocrx_word' id='word_1_235' title='bbox 1313 4375 1395 4418; x_wconf 89' lang='lat' dir='ltr'><strong>mer-</strong></span> 
     </span>
     <span class='ocr_line' id='line_1_33' title="bbox 395 4456 1396 4543; baseline 0.002 -24"><span class='ocrx_word' id='word_1_236' title='bbox 395 4463 478 4538; x_wconf 83' lang='lat' dir='ltr'><strong>gunt</strong></span> <span class='ocrx_word' id='word_1_237' title='bbox 501 4456 648 4520; x_wconf 90' lang='lat' dir='ltr'><strong>homines</strong></span> <span class='ocrx_word' id='word_1_238' title='bbox 671 4457 707 4520; x_wconf 93' lang='lat' dir='ltr'><strong>in</strong></span> <span class='ocrx_word' id='word_1_239' title='bbox 732 4456 902 4522; x_wconf 90' lang='lat' dir='ltr'><strong>interitum</strong></span> <span class='ocrx_word' id='word_1_240' title='bbox 925 4464 959 4522; x_wconf 87' lang='lat' dir='ltr'><strong>et</strong></span> <span class='ocrx_word' id='word_1_241' title='bbox 984 4459 1208 4543; x_wconf 88' lang='lat' dir='ltr'><strong>perditionem.</strong></span> <span class='ocrx_word' id='word_1_242' title='bbox 1254 4458 1325 4523; x_wconf 86' lang='lat' dir='ltr'><strong>Ista</strong></span> <span class='ocrx_word' id='word_1_243' title='bbox 1348 4463 1396 4522; x_wconf 87' lang='lat' dir='ltr'><strong>est</strong></span> 
     </span>
     <span class='ocr_line' id='line_1_34' title="bbox 393 4558 1393 4645; baseline 0.002 -23"><span class='ocrx_word' id='word_1_244' title='bbox 393 4558 518 4623; x_wconf 85' lang='lat' dir='ltr'><strong>malitia</strong></span> <span class='ocrx_word' id='word_1_245' title='bbox 542 4582 639 4643; x_wconf 88' lang='lat' dir='ltr'><strong>quam</strong></span> <span class='ocrx_word' id='word_1_246' title='bbox 665 4561 698 4624; x_wconf 89' lang='lat' dir='ltr'><strong>S.</strong></span> <span class='ocrx_word' id='word_1_247' title='bbox 715 4561 831 4625; x_wconf 89' lang='lat' dir='ltr'><strong>Petrus</strong></span> <span class='ocrx_word' id='word_1_248' title='bbox 854 4561 991 4645; x_wconf 82' lang='lat' dir='ltr'><strong>abjicere</strong></span> <span class='ocrx_word' id='word_1_249' title='bbox 1013 4562 1120 4645; x_wconf 90' lang='lat' dir='ltr'><strong>jussit,</strong></span> <span class='ocrx_word' id='word_1_250' title='bbox 1144 4562 1274 4645; x_wconf 89' lang='lat' dir='ltr'><strong>quando</strong></span> <span class='ocrx_word' id='word_1_251' title='bbox 1297 4562 1393 4626; x_wconf 91' lang='lat' dir='ltr'><strong>dicit:</strong></span> 
     </span>
    </p>
   </div>
   <div class='ocr_carea' id='block_1_5' title="bbox 0 0 1634 5467">
    <p class='ocr_par' dir='ltr' id='par_1_5' title="bbox 0 0 1634 5467">
     <span class='ocr_line' id='line_1_35' title="bbox 0 0 1634 5467; baseline 0 0"><span class='ocrx_word' id='word_1_252' title='bbox 0 0 1634 5467; x_wconf 95' lang='lat' dir='ltr'><strong> </strong></span> 
     </span>
    </p>
   </div>
  </div>
 </body>
</html>
