3259 5467
568 708 570 711 .
699 667 736 709 nr
754 667 942 710 nrrsronns.
1256 653 1322 715 213

315 816 385 887 tur,
400 809 563 888 remeavit,
579 809 737 874 circuiens
754 809 875 894 ubique
894 818 928 875 et
947 810 1142 890 instaurans,
1159 830 1232 895 quae
1244 831 1323 877 cura

318 913 464 995 poposcit
478 913 693 977 ecclesiarum.
739 913 904 978 Othlonus
919 922 952 978 et
966 912 1183 979 willibaldus.

364 1016 550 1080 Bonisaciua
570 1015 646 1081 dein
666 1017 804 1081 Rumam
822 1017 984 1101 profectus
1004 1017 1103 1100 [An.
1120 1016 1198 1101 738]
1218 1017 1322 1083 multa

318 1118 495 1182 comitante
509 1117 606 1182 tmbs
619 1119 817 1183 Francorum
832 1126 866 1184 et
880 1118 1111 1202 Bagoaricrnm
1124 1140 1186 1185 nac
1199 1141 1267 1185 non
1282 1141 1321 1186 ex

319 1221 491 1285 Britannia
524 1221 785 1286 convenientium
818 1222 992 1306 apostolico
1025 1229 1246 1307 prasentatus,
1279 1223 1320 1288 ab

318 1342 421 1406 coque
434 1323 576 1408 benigne
590 1330 757 1408 susceptus
771 1330 831 1403 est,
846 1331 1004 1408 tantaque
1021 1347 1042 1389 a
1058 1325 1184 1390 cunctis
1202 1327 1320 1391 Rama·

317 1426 370 1488 nis
389 1427 595 1492 veneratione
614 1427 804 1506 habebatur,
820 1434 859 1490 ut
879 1427 976 1492 multi
996 1427 1038 1492 ad
1056 1429 1230 1493 salutarem
1249 1430 1320 1514 ejus
1431 1503 1433 1508 ,

318 1529 500 1594 doctrinam
519 1529 729 1608 confluerent,
750 1529 906 1613 illumque
926 1530 982 1593 diu
1002 1548 1110 1595 secum
1130 1531 1318 1597 retinerent.

316 1631 462 1696 Tandem
477 1653 552 1696 cum
565 1634 759 1696 Sanctorum
772 1631 916 1716 reliquiis
930 1638 963 1696 ct
977 1632 1147 1715 pontificiis
1161 1634 1204 1699 ad
1216 1635 1320 1699 varios

315 1735 434 1800 litteris
447 1736 483 1798 in
497 1735 708 1800 Germaniam
722 1737 827 1800 Rama
840 1752 985 1800 reversus
999 1742 1058 1800 est.

362 1839 547 1903 Bonisacius
561 1839 597 1902 in
611 1839 718 1903 reditu
738 1840 896 1916 Romano,
910 1839 1036 1902 cumin
1051 1839 1209 1922 Bagoaria
1221 1847 1317 1918 essct,

312 1941 509 2021 ¹Sturmium,
532 1943 591 2028 qui
611 1949 722 2027 postea
747 1942 847 2006 abbas
868 1941 1038 2006 Fuldensis
1060 1942 1182 2024 primus
1203 1942 1276 2020 firit,
1298 1965 1319 2008 a

315 2045 504 2127 parentibus
524 2045 670 2109 oblatum
690 2045 732 2108 ad
750 2066 785 2109 ae
803 2044 934 2129 recepit.
979 2045 1020 2108 Id
1040 2045 1130 2109 enim
1148 2045 1318 2112 manifeste

315 2148 439 2213 indicat
453 2149 541 2232 Eigil
554 2149 590 2212 in
603 2149 671 2213 vita
688 2148 789 2232 ipsius
807 2170 877 2232 cap.
893 2149 925 2212 2.
942 2147 1056 2212 sumsit
1070 2168 1148 2232 ergo
1161 2148 1254 2212 illum
1268 2170 1318 2213 se·

315 2271 390 2313 cum
406 2257 440 2315 et
455 2251 655 2316 Fn‘deslariae
669 2251 841 2335 Wigberto
861 2249 971 2316 abbati
988 2251 1203 2316 erudiendum
1220 2251 1318 2317 tradi·

315 2353 374 2416 dit.
401 2354 538 2418 Librum
552 2355 605 2419 hic
618 2355 815 2439 psalmorum
829 2354 993 2419 memoria
1006 2354 1181 2434 mandavit,
1194 2377 1318 2421 sacram

314 2457 508 2540 scripturam
532 2467 694 2523 nocturna
722 2458 902 2542 diurnaque
930 2476 1031 2522 manu
1058 2459 1196 2524 versavit
1220 2467 1318 2545 atquc

314 2567 446 2624 tantum
465 2562 610 2644 profecit,
630 2569 668 2626 ut
689 2583 757 2626 non
776 2563 881 2626 multa
900 2569 974 2646 pcst
992 2563 1140 2627 omnium
1158 2583 1318 2629 consensu

314 2664 482 2748 presbyter
497 2665 539 2728 sit
553 2665 753 2730 ordinatim.”
769 2666 823 2729 W.

357 2768 418 2850 Ep.
434 2771 477 2832 42
494 2769 635 2834 Garun
657 2788 698 2833 nr
717 2769 850 2848 Bonan,
865 2769 1030 2834 'Parwrno
1045 2770 1116 2854 tre]
1138 2775 1159 2806 “
1171 2769 1316 2839 Scrarius

313 2869 351 2933 in
364 2872 512 2953 margine
527 2872 648 2951 scribit,
659 2872 730 2936 loco
744 2873 890 2937 Tatwino
904 2872 1079 2956 legendum
1092 2894 1162 2939 csse
1173 2873 1316 2941 'Pacuius

302 2980 348 3037 ct
363 2975 451 3038 Wixi
469 2975 558 3039 idcm
577 2995 646 3040 esse
667 2997 705 3040 ac
724 2976 844 3060 Wygb.
861 2997 959 3059 qnare
980 2976 1016 3038 in
1033 2976 1144 3040 codice
1159 2976 1314 3055 Caerareo,

315 3098 379 3160 quo
397 3099 476 3141 usus
495 3086 554 3158 est,
570 3079 726 3164 scriptum
740 3100 810 3143 esse
824 3079 924 3157 Wixi,
939 3078 1024 3161 quod
1041 3079 1109 3162 ipse
1123 3078 1314 3162 interpretr-

312 3189 368 3245 tur
381 3181 570 3266 Wygberto.
605 3183 672 3246 Sed
686 3182 776 3246 aliud
787 3204 839 3266 ep.
856 3181 969 3246 XVII.
985 3181 1103 3259 innuit,
1118 3178 1155 3244 in
1169 3201 1234 3263 qua
1244 3187 1314 3244 tam

313 3283 350 3346 in
363 3283 572 3368 inscriptione
593 3307 690 3368 quarn
708 3301 767 3369 per
786 3285 959 3349 decursum
975 3289 1199 3348 memorantur
1214 3283 1314 3348 'l'atus

313 3387 408 3451 vinus
422 3396 456 3452 et
470 3389 649 3452 Tatuvinn's
659 3388 781 3466 Abbaa,
793 3409 931 3471 quorum
944 3387 1031 3472 prior
1044 3386 1231 3465 menachus,
1241 3406 1314 3471 poa-

312 3492 413 3556 terior
432 3493 544 3557 Abbas
564 3491 806 3559 Fritislariensis
824 3498 906 3556 erat.
951 3491 994 3557 In
1013 3488 1164 3554 Tatuvini
1182 3490 1315 3557 nomina

312 3603 500 3679 corruptum
520 3603 570 3660 est
589 3594 688 3661 etiam
707 3593 869 3676 exemplar
889 3595 1083 3670 Romanum,
1099 3592 1185 3677 quod
1199 3599 1314 3659 nactus

313 3703 363 3761 est
391 3699 552 3766 Baronius
560 3724 570 3776 ;
607 3712 746 3781 cumque
779 3696 815 3760 in
847 3696 962 3761 ecdem
982 3696 1158 3780 <inscriptio
1186 3695 1314 3775 habeat,

313 3799 437 3878 Eoban,
455 3800 608 3878 Tacuino,
628 3801 707 3882 Wyz
724 3805 755 3863 et
773 3799 912 3863 omnbus
919 3797 1080 3880 ficti-itur
1096 3805 1155 3863 etc.
1170 3807 1312 3882 apparet,

312 3912 381 3966 tam
396 3905 477 3985 Wyn
493 3924 590 3987 qnam
605 3903 693 3966 Wixi
707 3920 776 3966 csse
789 3901 924 3965 nomina
937 3900 1108 3985 depravata
1122 3907 1156 3965 et
1167 3900 1211 3964 de
1221 3901 1313 3983 wig-

312 4004 405 4070 berto
418 4004 630 4089 intelligenda
643 4020 712 4069 non
725 4025 804 4068 esse.
842 4004 885 4068 In
898 4004 959 4068 hac
973 4002 1108 4086 epistola
1120 4000 1199 4066 dicit
1214 4002 1313 4066 Boni·

312 4108 431 4173 sacius:
465 4111 637 4172 Gratanter
654 4124 710 4172 nas
729 4106 931 4190 cumpunctio
951 4105 1148 4186 Apoaoticus
1165 4103 1314 4185 Pantitae

312 4214 445 4295 succepit
467 4219 525 4277 etc.
584 4212 678 4274 Nunc
700 4216 802 4274 arctam
827 4211 879 4273 tic
901 4212 1096 4290 aspectam
1118 4206 1314 4271 marlotum

314 4316 484 4379 Concilium
497 4316 546 4378 vel
559 4314 678 4396 &nodi
691 4314 871 4391 wascum,
882 4312 985 4375 adhuc
993 4311 1180 4393 pacamur,
1189 4309 1312 4391 quanda

312 4420 369 4482 tac
379 4419 457 4501 fieri
467 4418 572 4499 faciat
585 4417 783 4500 Apostoltcus
796 4415 954 4497 Pontifec.
999 4413 1084 4480 Quae
1100 4410 1198 4493 parba
1211 4411 1311 4477 Barc-

311 4522 386 4585 nius
401 4522 538 4605 explicat
552 4521 593 4585 de
607 4519 714 4604 aliqua
723 4519 857 4604 Synodo
867 4520 1026 4600 Augustae
1039 4513 1265 4599 congreganda
1277 4521 1311 4579 ct
