3259 5467
412 695 455 754 20
697 709 864 753 noumrcn
879 709 1126 753 aacnrnrrsoorr

413 858 574 921 dicamus:
600 875 738 940 quorum
757 860 867 918 tamen
883 856 992 938 justus
1012 855 1102 919 dolor
1123 861 1181 933 est,
1198 856 1225 919 si
1244 856 1296 920 vel
1315 855 1409 920 modo

412 960 571 1024 voluerint
589 959 682 1023 facile
700 958 862 1042 percipere
882 958 1084 1035 medicinam,
1099 980 1176 1022 nam
1192 959 1248 1042 qui
1265 979 1327 1024 nec
1345 966 1410 1024 tar·

414 1065 486 1128 dius
509 1062 613 1128 curari
633 1084 667 1126 se
689 1061 822 1145 patitur,
843 1061 882 1125 de
901 1061 1017 1126 medici
1036 1061 1188 1126 tarditate
1208 1062 1288 1145 quid
1307 1063 1411 1145 queri·

413 1168 493 1231 tur?
529 1168 636 1231 Immo
656 1171 777 1249 quanto
796 1165 923 1247 longior
941 1165 1103 1247 praecessit
1121 1165 1303 1244 infirmitas,
1318 1171 1411 1230 tanto

413 1270 515 1353 major
529 1268 697 1333 succedere
711 1267 806 1331 debet
820 1267 995 1332 humilitas.
1025 1268 1114 1332 Nam
1129 1268 1199 1350 quis
1213 1269 1297 1333 ferat
1311 1290 1411 1352 aegro

413 1380 484 1438 tum
500 1372 682 1456 superbum,
698 1371 753 1454 qui
771 1377 804 1434 et
822 1371 993 1434 incurrisse
1013 1393 1047 1436 se
1067 1379 1217 1436 causatur
1230 1372 1266 1436 in
1281 1373 1411 1454 aegritu-

414 1475 533 1554 dinem,
549 1482 581 1538 et
601 1496 668 1538 non
682 1475 751 1538 vult
770 1475 911 1557 recipere
930 1475 1126 1538 sanitatem?
1164 1476 1272 1541 Quam
1291 1475 1411 1539 multos

412 1578 602 1655 invenimus,
621 1579 679 1641 filii
701 1576 873 1656 Uerissimi,
893 1578 949 1661 qui
970 1599 1045 1643 cum
1066 1578 1204 1662 turpiter
1224 1579 1344 1656 vivant,
1363 1585 1411 1643 ta

413 1703 489 1745 men
518 1682 766 1760 calumniantur,
796 1680 949 1759 dicentes,
980 1703 1077 1765 quare
1109 1682 1233 1746 tardius
1263 1681 1411 1746 Christus

414 1786 597 1850 advenerit:
633 1805 730 1868 quare
758 1790 809 1849 tot
837 1785 940 1848 millia
968 1785 1137 1849 hominnm
1163 1792 1239 1849 ante
1263 1785 1410 1848 incarna-

413 1890 536 1953 tionem
551 1910 643 1953 suam
657 1888 760 1972 perire
774 1909 942 1972 perpessus
958 1889 1009 1953 sit.
1055 1886 1183 1952 Horum
1203 1888 1231 1951 si
1249 1888 1411 1971 querelam

412 1994 593 2076 recipimus,
612 1993 711 2056 etiam
732 1998 804 2075 post
826 1993 911 2056 tanti
931 2015 1052 2056 munus
1073 1993 1189 2056 medici
1210 2012 1342 2055 necesse
1363 1997 1411 2055 est

413 2104 612 2180 aegrotemus.
658 2096 746 2163 Quid
767 2117 906 2174 accusas,
922 2096 1029 2173 homo,
1050 2096 1148 2159 solem
1167 2095 1304 2178 justitire
1327 2093 1411 2178 quod

412 2201 535 2265 tardius
550 2207 640 2264 ortus
655 2201 696 2263 sit
705 2226 714 2278 3
738 2200 791 2282 qui
809 2206 882 2282 post
902 2205 1009 2263 ortum
1029 2219 1155 2282 quoque
1176 2198 1246 2282 ejus
1264 2198 1301 2261 in
1320 2205 1411 2262 tene·

412 2303 479 2366 bris
495 2302 665 2366 ambulas?
697 2304 752 2366 An
767 2303 842 2385 quia
860 2302 1045 2385 frequenter
1059 2303 1161 2366 nubes
1180 2301 1302 2364 diutius
1318 2321 1410 2364 occu·

413 2412 492 2489 pant
507 2406 633 2483 coelum,
643 2427 710 2468 non
726 2404 879 2469 debemus
895 2407 1034 2488 gaudere
1042 2405 1163 2469 redisse
1173 2405 1409 2488 tranquillum?

415 2509 502 2574 Quid
522 2509 696 2587 fluctuaris,
711 2509 820 2587 frater,
839 2509 917 2591 quid
937 2510 1102 2573 fluctuaris
1125 2508 1290 2572 inaniter?
1329 2508 1411 2571 Ecce

410 2614 478 2696 jam
501 2613 576 2676 licet
602 2612 643 2676 ad
669 2613 848 2676 serenitatis
875 2612 1015 2695 quietem
1039 2613 1164 2690 reverti,
1190 2611 1411 2695 quiditerum

414 2716 579 2799 scopulosa
593 2714 774 2778 desideras?
804 2716 911 2779 Nemo
926 2722 959 2779 te
974 2716 1009 2777 in
1023 2722 1215 2799 tempestate
1229 2718 1410 2801 periturum

413 2817 551 2880 retinere
565 2816 674 2895 voluit,
690 2817 765 2899 quia
778 2816 902 2879 tardius
916 2822 1028 2899 portus
1043 2818 1191 2882 occurrit.

804 3004 853 3066 De
868 3003 1012 3066 Subbuto.

449 3120 763 3205 Magnificentissimi
774 3122 885 3184 Patres
896 3120 998 3183 nostri
1009 3120 1094 3204 apud
1106 3121 1300 3187 Laodiceam
1306 3125 1409 3208 Phry·

413 3227 473 3309 giae
493 3225 688 3308 congregati,
703 3244 860 3287 memores
880 3223 992 3287 salutis
1011 3230 1140 3303 nostrae,
1154 3226 1259 3290 multa
1278 3248 1409 3292 censue·

411 3334 499 3406 runt,
521 3349 592 3410 quae
615 3348 674 3390 uos
697 3325 864 3389 observare
888 3325 1045 3389 convenit.
1090 3327 1184 3390 Inter
1207 3335 1334 3409 caetera,
1354 3331 1410 3394 filii

414 3430 586 3506 Uerissimi,
598 3429 637 3492 de
649 3427 838 3491 Christianis
851 3428 905 3511 qui
917 3429 1123 3509 sabbatizare,
1133 3431 1182 3494 vel
1193 3432 1289 3514 juxta
1300 3455 1410 3517 quem·

414 3533 487 3595 dam
498 3530 630 3594 modum
643 3529 805 3613 judaizare
817 3538 1003 3595 noscuntur.
1032 3532 1117 3597 Quia
1129 3532 1187 3597 sub
1203 3536 1409 3601 anathemate

412 3635 631 3709 decreverunt,
655 3632 709 3714 qui
731 3653 784 3695 eos
807 3633 926 3697 imitari
948 3641 1135 3698 noscuntur.
1180 3636 1269 3699 Nam
1293 3645 1327 3702 et
1352 3661 1411 3703 nos

412 3737 501 3800 vobis
516 3736 556 3799 de
571 3757 608 3799 eo
622 3735 785 3798 insinuare
805 3758 962 3817 curamus,
979 3739 1034 3820 qui
1052 3737 1205 3822 baptizati
1221 3746 1258 3804 et
1278 3761 1409 3825 regene-

412 3841 475 3904 rati
499 3841 575 3904 estis
597 3839 633 3902 in
657 3839 794 3918 Christo,
815 3859 893 3904 ecce·
910 3843 988 3905 faeti
1012 3842 1088 3906 estis
1110 3842 1256 3907 membra
1278 3845 1409 3910 Christi.

413 3945 634 4008 Admonemus
654 3965 718 4021 vos,
734 3943 885 4008 timemus
905 3967 969 4024 vos,
985 3967 1053 4009 non
1074 3951 1203 4009 tantum
1224 3969 1244 4010 a
1264 3951 1408 4031 paganis,

413 4071 480 4112 nou
500 4055 631 4111 tautum
653 4047 693 4111 ab
712 4048 879 4126 haereticis,
896 4049 951 4112 sed
971 4049 1070 4112 etiam
1089 4071 1109 4112 a
1127 4049 1256 4133 perfidis
1277 4052 1409 4131 Judaeis,

414 4154 537 4235 quivos
555 4153 690 4235 cupiunt
708 4151 871 4234 judaizare
893 4162 926 4217 et
947 4154 1042 4216 otiari
1062 4153 1098 4216 in
1118 4153 1269 4232 sabbat03
1296 4161 1335 4219 ut
1353 4178 1410 4220 no·

413 4278 489 4318 meu
509 4255 637 4334 Christi,
654 4255 739 4339 quod
759 4256 934 4340 accepistis,
946 4257 983 4319 in
1002 4257 1090 4320 vobis
1109 4258 1300 4323 maculetur.
1348 4259 1410 4322 Sed

413 4358 460 4421 itu
485 4360 646 4441 agendum
669 4366 717 4422 est
743 4359 920 4422 secundum
945 4367 1074 4443 patrum
1098 4360 1331 4441 definitionem,
1355 4362 1408 4445 qui

413 4460 506 4523 nohis
532 4463 648 4544 jubent
678 4463 800 4545 operari
829 4463 864 4526 in
894 4463 1036 4543 sabbat0,
1066 4464 1246 4529 secundum
1276 4464 1408 4530 Domini

415 4566 617 4644 sententiam,
645 4566 757 4648 quiin
784 4567 947 4648 evangelio
974 4568 1038 4632 ait:
1075 4569 1253 4633 Sabbatum
1280 4575 1408 4653 propter
