3259 5467
638 728 790 772 sucroan
808 729 1033 774 winimanno.
1273 718 1334 779 175

330 871 464 954 rogavit,
489 893 563 936 cum
590 873 789 956 Presbyteris
813 896 851 938 ac
874 876 1082 954 Diaconibus,
1106 899 1242 960 quorum
1267 880 1336 944 haec

330 973 464 1038 nomina
481 981 567 1052 sunt,
583 976 772 1058 Wintrung,
789 983 822 1040 et
837 977 1001 1042 Walterus
1021 979 1118 1042 simul
1132 987 1166 1044 et
1181 981 1335 1048 Ethelhe·

328 1097 384 1139 rus
407 1078 596 1141 sacerdotali
617 1078 724 1142 officio
746 1079 899 1161 praeditis,
927 1078 1094 1160 Hamund,
1119 1082 1276 1162 scirbald,
1301 1090 1336 1149 et

329 1180 415 1243 Bosa
433 1181 620 1244 Levitarum
639 1180 792 1264 obsequio
811 1183 974 1265 deputatis
988 1185 1126 1249 Waccar
1146 1193 1179 1250 et
1201 1187 1333 1252 Gunde-

328 1303 391 1360 eer,
413 1283 550 1347 Illehere
574 1290 607 1348 et
632 1285 826 1348 Hathowulf
851 1287 1069 1350 monasteriali
1095 1289 1332 1354 Monachorum

326 1384 439 1448 ordine
462 1386 644 1467 sublevatis.
690 1387 756 1452 Qui
774 1387 872 1450 etiam
896 1389 931 1452 in
955 1396 1085 1453 tantum
1106 1391 1180 1454 vitae
1202 1399 1331 1456 aeternae

320 1509 436 1552 semen
452 1510 526 1552 cum
548 1491 580 1552 S.
599 1489 766 1553 Bonifacio
785 1490 851 1554 late
871 1513 928 1574 per
947 1493 1102 1575 populum
1119 1493 1331 1579 divulgantes,

325 1590 467 1653 Domino
496 1592 567 1655 Deo
601 1592 825 1674 patrocinante
860 1593 1116 1671 diffamaverunt,
1147 1603 1185 1658 ut
1215 1596 1331 1679 quibus

320 1691 416 1773 juxta
437 1692 630 1776 Apostolicae
651 1694 1048 1775 institutionis'normam,
1069 1717 1122 1759 cor
1144 1705 1213 1761 erut
1236 1720 1329 1762 anam

323 1802 354 1857 et
369 1798 474 1859 anima
487 1818 570 1860 aaa:
594 1797 769 1879 eademque
784 1804 869 1862 esset
887 1805 920 1862 et
939 1799 1048 1882 palma
1062 1800 1215 1884 Martyrii
1230 1808 1263 1864 et
1278 1823 1328 1866 re-

323 1900 506 1963 muneratio
521 1899 687 1983 triumphi.

365 2003 542 2086 Postquam
566 2003 667 2085 igitur
689 2002 773 2082 fidei,
798 2010 837 2069 ut
860 2004 1076 2087 praediximus,
1101 2026 1159 2088 per
1184 2006 1327 2070 Fresiam

321 2105 471 2169 illuxerat
486 2106 647 2189 splendor,
663 2112 696 2170 et
710 2107 800 2171 foelix
818 2114 938 2171 sanetae
958 2107 1055 2191 hujus
1070 2108 1144 2172 vitae
1159 2110 1328 2193 appropin-

321 2215 435 2290 quaret
457 2209 548 2272 finis:
579 2211 647 2293 jam
670 2210 800 2293 quidem
824 2226 914 2274 secus
936 2210 1040 2294 ripam
1061 2211 1214 2290 fluminis,
1238 2215 1325 2296 quod

320 2312 439 2376 dicitur
468 2314 607 2391 Bordne‚
638 2314 724 2397 quod
753 2321 802 2378 est
835 2314 871 2377 in
908 2314 1087 2379 confinibus
1117 2337 1239 2395 eorum,
1270 2319 1325 2401 qui

319 2417 440 2480 rustica
464 2416 616 2480 dicuntur
638 2417 760 2498 lingua,
779 2417 879 2481 Ostor
902 2424 935 2481 et
958 2419 1166 2497 Westerrihe‚
1192 2441 1324 2486 suorum

318 2527 447 2583 tantum
464 2520 600 2601 stipatus
616 2519 770 2583 clientum
790 2541 926 2584 numero
946 2521 1046 2585 erexit
1062 2523 1213 2587 tentoria.
1260 2524 1324 2588 Sed

319 2622 395 2703 quia
428 2623 548 2685 festum
582 2622 845 2688 Confirmationis
878 2623 1126 2709 Neophytorum
1156 2634 1188 2690 et
1219 2648 1323 2710 nuper

316 2724 562 2806 baptizatorum,
574 2724 614 2788 ab
630 2725 788 2809 Episcopo
803 2745 919 2790 manus
930 2726 1142 2810 impositionis
1158 2736 1191 2793 et
1206 2731 1321 2794 confir·

317 2827 468 2892 mationis
483 2827 601 2911 populo
620 2827 821 2911 praedixerat,
841 2829 910 2912 jam
924 2830 1020 2912 longe
1035 2831 1163 2914 lateque
1180 2831 1321 2915 disperso

316 2929 358 2993 ad
379 2929 541 3013 propriam
560 2930 781 3013 unusquisque
799 2952 943 2996 reversus
968 2939 1016 2995 est
1037 2932 1187 2996 domum:
1215 2941 1251 2998 ut
1271 2955 1320 2998 se·

315 3033 461 3096 cundum
478 3033 645 3097 definitam
660 3034 856 3099 sententiam
873 3035 907 3098 S.
923 3034 1071 3118 Episcopi
1085 3035 1225 3099 universi
1239 3057 1318 3119 prae-

315 3135 477 3200 destinato
514 3136 766 3200 confirmationis
804 3158 917 3201 eorum
950 3137 1002 3200 die
1036 3143 1317 3220 praesentarentur.

316 3239 400 3302 Cum
426 3246 535 3303 autem
558 3239 733 3323 praedictus,
755 3239 823 3304 dies
848 3239 1015 3318 illuxisset,
1040 3245 1074 3304 et
1098 3260 1213 3304 aurora
1237 3240 1318 3304 lucis

315 3349 386 3406 orto
404 3343 474 3425 jam
496 3343 562 3407 sole
581 3348 823 3425 prorumperet:
847 3349 927 3407 tunc
949 3342 1047 3406 etiam
1068 3362 1159 3406 versa
1177 3341 1245 3406 vice
1259 3364 1318 3425 pro

313 3446 424 3509 amicis
439 3445 571 3524 inimici,
586 3453 620 3510 et
634 3446 709 3511 novi
730 3447 868 3531 denique
887 3446 1015 3511 lictores
1030 3468 1088 3530 pro
1102 3445 1229 3510 novitiis
1244 3445 1318 3510 fidei

313 3549 491 3614 cultoribus
525 3550 731 3629 advenerant,
761 3550 967 3634 hostiumque
999 3551 1115 3634 ingens
1148 3549 1184 3614 in
1213 3556 1318 3614 castra

312 3652 514 3717 vibrantibus
534 3654 631 3717 armis
650 3654 779 3718 hastata
797 3660 894 3738 atque
914 3659 1040 3718 scutata
1054 3654 1191 3718 irruerat
1205 3653 1316 3718 multi·

311 3757 404 3820 tudo.
447 3756 540 3820 'Punc
554 3765 685 3840 repente
707 3778 746 3820 ex
768 3756 900 3820 adverso
921 3757 1012 3840 pueri
1028 3778 1045 3820 e
1061 3757 1172 3821 eastris
1192 3755 1315 3840 prosili-

312 3870 404 3923 entes
426 3857 596 3941 utrobique
618 3881 652 3922 se
674 3859 771 3922 armis
794 3858 975 3941 impetunt:
999 3864 1032 3922 et
1055 3864 1181 3922 sanctos
1203 3864 1316 3922 contra

311 3960 522 4038 insensatum,
538 3961 743 4043 postmodum
760 3961 935 4046 Martyres,
951 3960 1088 4024 furentis
1102 3960 1213 4043 populi
1227 3980 1315 4023 exer-

311 4064 414 4128 citum
430 4063 601 4128 defendere
616 4063 771 4147 gestiunt.
1076 4114 1079 4116 >

357 4166 421 4230 Sed
436 4166 484 4230 vir
495 4167 557 4230 Dei
573 4168 682 4230 statim
697 4166 809 4230 audito
818 4165 1049 4232 tumultuantis
1064 4163 1168 4227 turbae
1178 4163 1312 4245 impetu,

312 4269 465 4333 accersito
488 4269 530 4333 ad
553 4291 587 4334 se
611 4269 808 4334 Clericorum
833 4269 939 4347 choro,
962 4267 1098 4350 sumptis
1120 4266 1313 4329 Sanctorum

311 4373 464 4454 reliquiis,
481 4395 560 4456 quas
582 4395 691 4438 secum
713 4371 934 4437 indesinenter
955 4370 1074 4435 habere
1096 4374 1313 4446 consueverat,

312 4495 352 4537 ex
375 4475 516 4540 tentorio
540 4476 700 4559 procedit:
727 4481 760 4539 et
786 4475 955 4539 confestim
978 4471 1182 4556 increpando,
1205 4471 1314 4554 pueris

311 4596 436 4658 pugnae>
455 4579 621 4667 interdixit
651 4585 824 4657 certamen,
852 4578 978 4642 dicens:
1017 4576 1146 4651 Cessate
1175 4572 1267 4657 pueri
1296 4595 1315 4638 a
