<?xml version="1.0" encoding="UTF-8"?>
<!DOCTYPE html PUBLIC "-//W3C//DTD XHTML 1.0 Transitional//EN"
    "http://www.w3.org/TR/xhtml1/DTD/xhtml1-transitional.dtd">
<html xmlns="http://www.w3.org/1999/xhtml" xml:lang="en" lang="en">
 <head>
  <title>
</title>
<meta http-equiv="Content-Type" content="text/html;charset=utf-8" />
  <meta name='ocr-system' content='tesseract 3.04.00' />
  <meta name='ocr-capabilities' content='ocr_page ocr_carea ocr_par ocr_line ocrx_word'/>
</head>
<body>
  <div class='ocr_page' id='page_1' title='image "./operaquaeextant00bonigoog_0225.png"; bbox 0 0 3259 5467; ppageno 0'>
   <div class='ocr_carea' id='block_1_1' title="bbox 324 665 1071 728">
    <p class='ocr_par' dir='ltr' id='par_1_1' title="bbox 324 665 1071 728">
     <span class='ocr_line' id='line_1_1' title="bbox 324 665 1071 728; baseline 0.004 -3"><span class='ocrx_word' id='word_1_1' title='bbox 324 665 389 726; x_wconf 82' lang='lat'>218</span> <span class='ocrx_word' id='word_1_2' title='bbox 573 681 669 725; x_wconf 78' lang='lat' dir='ltr'>nors</span> <span class='ocrx_word' id='word_1_3' title='bbox 685 683 725 725; x_wconf 81' lang='lat' dir='ltr'>rr</span> <span class='ocrx_word' id='word_1_4' title='bbox 741 683 859 727; x_wconf 74' lang='lat' dir='ltr'>varra</span> <span class='ocrx_word' id='word_1_5' title='bbox 875 683 1071 728; x_wconf 79' lang='lat' dir='ltr'>neorrours.</span> 
     </span>
    </p>
   </div>
   <div class='ocr_carea' id='block_1_2' title="bbox 313 823 1340 4616">
    <p class='ocr_par' dir='ltr' id='par_1_2' title="bbox 313 823 1340 4616">
     <span class='ocr_line' id='line_1_2' title="bbox 325 823 1328 909; baseline 0.004 -19"><span class='ocrx_word' id='word_1_6' title='bbox 325 847 365 891; x_wconf 86' lang='lat' dir='ltr'>ex</span> <span class='ocrx_word' id='word_1_7' title='bbox 381 827 529 890; x_wconf 88' lang='lat' dir='ltr'>Romana</span> <span class='ocrx_word' id='word_1_8' title='bbox 542 824 696 903; x_wconf 80' lang='lat' dir='ltr'><strong>editione,</strong></span> <span class='ocrx_word' id='word_1_9' title='bbox 710 823 839 908; x_wconf 87' lang='lat' dir='ltr'>imperii</span> <span class='ocrx_word' id='word_1_10' title='bbox 852 825 923 909; x_wconf 87' lang='lat' dir='ltr'>ejus</span> <span class='ocrx_word' id='word_1_11' title='bbox 941 847 1028 890; x_wconf 90' lang='lat' dir='ltr'>anno</span> <span class='ocrx_word' id='word_1_12' title='bbox 1042 827 1194 892; x_wconf 87' lang='lat' dir='ltr'>secundo.</span> <span class='ocrx_word' id='word_1_13' title='bbox 1243 830 1328 895; x_wconf 86' lang='lat' dir='ltr'>Scili-</span> 
     </span>
     <span class='ocr_line' id='line_1_3' title="bbox 325 928 1330 1015; baseline 0.002 -21"><span class='ocrx_word' id='word_1_14' title='bbox 325 936 377 994; x_wconf 89' lang='lat' dir='ltr'>cet</span> <span class='ocrx_word' id='word_1_15' title='bbox 388 950 475 992; x_wconf 90' lang='lat' dir='ltr'>anno</span> <span class='ocrx_word' id='word_1_16' title='bbox 485 928 612 1005; x_wconf 85' lang='lat' dir='ltr'>XXIV,</span> <span class='ocrx_word' id='word_1_17' title='bbox 624 949 689 1011; x_wconf 93' lang='lat' dir='ltr'>quo</span> <span class='ocrx_word' id='word_1_18' title='bbox 699 947 773 991; x_wconf 89' lang='lat' dir='ltr'>cum</span> <span class='ocrx_word' id='word_1_19' title='bbox 789 934 882 1012; x_wconf 88' lang='lat' dir='ltr'>patre</span> <span class='ocrx_word' id='word_1_20' title='bbox 895 929 1055 1012; x_wconf 88' lang='lat' dir='ltr'>imperare</span> <span class='ocrx_word' id='word_1_21' title='bbox 1069 931 1179 1015; x_wconf 90' lang='lat' dir='ltr'>coepit,</span> <span class='ocrx_word' id='word_1_22' title='bbox 1191 933 1330 997; x_wconf 89' lang='lat' dir='ltr'>secundo</span> 
     </span>
     <span class='ocr_line' id='line_1_4' title="bbox 324 1031 1329 1118; baseline 0.004 -22"><span class='ocrx_word' id='word_1_23' title='bbox 324 1052 409 1110; x_wconf 85' lang='lat' dir='ltr'>vero,</span> <span class='ocrx_word' id='word_1_24' title='bbox 426 1053 490 1115; x_wconf 91' lang='lat' dir='ltr'>quo</span> <span class='ocrx_word' id='word_1_25' title='bbox 504 1031 600 1095; x_wconf 87' lang='lat' dir='ltr'>solus.</span> <span class='ocrx_word' id='word_1_26' title='bbox 645 1031 806 1094; x_wconf 77' lang='lat' dir='ltr'><strong>Batonius</strong></span> <span class='ocrx_word' id='word_1_27' title='bbox 826 1031 926 1095; x_wconf 91' lang='lat' dir='ltr'>etiam</span> <span class='ocrx_word' id='word_1_28' title='bbox 945 1039 1067 1112; x_wconf 90' lang='lat' dir='ltr'>monet,</span> <span class='ocrx_word' id='word_1_29' title='bbox 1081 1034 1269 1118; x_wconf 87' lang='lat' dir='ltr'>legendnm,</span> <span class='ocrx_word' id='word_1_30' title='bbox 1283 1036 1329 1099; x_wconf 92' lang='lat' dir='ltr'>in·</span> 
     </span>
     <span class='ocr_line' id='line_1_5' title="bbox 327 1133 1329 1218; baseline 0.005 -20"><span class='ocrx_word' id='word_1_31' title='bbox 327 1134 467 1198; x_wconf 82' lang='lat' dir='ltr'>dictione</span> <span class='ocrx_word' id='word_1_32' title='bbox 492 1133 535 1197; x_wconf 87' lang='lat' dir='ltr'>X.</span> <span class='ocrx_word' id='word_1_33' title='bbox 551 1154 749 1218; x_wconf 87' lang='lat' dir='ltr'>quamquam</span> <span class='ocrx_word' id='word_1_34' title='bbox 774 1141 808 1197; x_wconf 89' lang='lat' dir='ltr'>et</span> <span class='ocrx_word' id='word_1_35' title='bbox 838 1155 999 1198; x_wconf 79' lang='lat' dir='ltr'><strong>manuscr.</strong></span> <span class='ocrx_word' id='word_1_36' title='bbox 1023 1136 1148 1201; x_wconf 86' lang='lat' dir='ltr'>codices</span> <span class='ocrx_word' id='word_1_37' title='bbox 1174 1138 1329 1218; x_wconf 89' lang='lat' dir='ltr'>scribunt,</span> 
     </span>
     <span class='ocr_line' id='line_1_6' title="bbox 326 1234 1331 1324; baseline 0.005 -25"><span class='ocrx_word' id='word_1_38' title='bbox 326 1235 502 1300; x_wconf 83' lang='lat' dir='ltr'>indictione</span> <span class='ocrx_word' id='word_1_39' title='bbox 514 1235 574 1299; x_wconf 88' lang='lat' dir='ltr'>XI.</span> <span class='ocrx_word' id='word_1_40' title='bbox 590 1234 741 1318; x_wconf 85' lang='lat' dir='ltr'>idemque</span> <span class='ocrx_word' id='word_1_41' title='bbox 755 1234 875 1319; x_wconf 83' lang='lat' dir='ltr'>legitur</span> <span class='ocrx_word' id='word_1_42' title='bbox 895 1237 982 1320; x_wconf 88' lang='lat' dir='ltr'>apud</span> <span class='ocrx_word' id='word_1_43' title='bbox 1002 1237 1224 1318; x_wconf 78' lang='lat' dir='ltr'>sirmondum,</span> <span class='ocrx_word' id='word_1_44' title='bbox 1240 1242 1331 1324; x_wconf 85' lang='lat' dir='ltr'>cujus</span> 
     </span>
     <span class='ocr_line' id='line_1_7' title="bbox 325 1336 1340 1424; baseline 0.005 -22"><span class='ocrx_word' id='word_1_45' title='bbox 325 1338 396 1402; x_wconf 83' lang='lat' dir='ltr'>haec</span> <span class='ocrx_word' id='word_1_46' title='bbox 415 1336 564 1402; x_wconf 88' lang='lat' dir='ltr'>dilectio:</span> <span class='ocrx_word' id='word_1_47' title='bbox 586 1339 759 1420; x_wconf 78' lang='lat' dir='ltr'>imperante</span> <span class='ocrx_word' id='word_1_48' title='bbox 779 1339 913 1402; x_wconf 79' lang='lat' dir='ltr'>Domino</span> <span class='ocrx_word' id='word_1_49' title='bbox 925 1341 1070 1421; x_wconf 83' lang='lat' dir='ltr'>piissimo</span> <span class='ocrx_word' id='word_1_50' title='bbox 1084 1342 1229 1424; x_wconf 73' lang='lat' dir='ltr'>Auproeto</span> <span class='ocrx_word' id='word_1_51' title='bbox 1254 1343 1340 1407; x_wconf 65' lang='lat' dir='ltr'>coe·</span> 
     </span>
     <span class='ocr_line' id='line_1_8' title="bbox 324 1441 1330 1528; baseline 0.006 -24"><span class='ocrx_word' id='word_1_52' title='bbox 324 1441 462 1504; x_wconf 78' lang='lat' dir='ltr'>stantiae</span> <span class='ocrx_word' id='word_1_53' title='bbox 481 1460 502 1503; x_wconf 88' lang='lat' dir='ltr'>o</span> <span class='ocrx_word' id='word_1_54' title='bbox 519 1442 587 1503; x_wconf 91' lang='lat' dir='ltr'>Deo</span> <span class='ocrx_word' id='word_1_55' title='bbox 608 1447 754 1505; x_wconf 68' lang='lat' dir='ltr'>moneto</span> <span class='ocrx_word' id='word_1_56' title='bbox 775 1462 857 1505; x_wconf 76' lang='lat' dir='ltr'>muro</span> <span class='ocrx_word' id='word_1_57' title='bbox 875 1442 1000 1523; x_wconf 85' lang='lat' dir='ltr'><em>XXIV,</em></span> <span class='ocrx_word' id='word_1_58' title='bbox 1020 1445 1144 1526; x_wconf 81' lang='lat' dir='ltr'>imperii</span> <span class='ocrx_word' id='word_1_59' title='bbox 1166 1446 1233 1528; x_wconf 81' lang='lat' dir='ltr'>ejus</span> <span class='ocrx_word' id='word_1_60' title='bbox 1252 1467 1330 1510; x_wconf 77' lang='lat' dir='ltr'>amm</span> 
     </span>
     <span class='ocr_line' id='line_1_9' title="bbox 324 1543 1330 1632; baseline 0.007 -26"><span class='ocrx_word' id='word_1_61' title='bbox 324 1544 369 1622; x_wconf 94' lang='lat' dir='ltr'>II,</span> <span class='ocrx_word' id='word_1_62' title='bbox 393 1543 562 1607; x_wconf 79' lang='lat' dir='ltr'>indictione</span> <span class='ocrx_word' id='word_1_63' title='bbox 586 1543 646 1607; x_wconf 85' lang='lat' dir='ltr'>XI.</span> <span class='ocrx_word' id='word_1_64' title='bbox 706 1543 802 1607; x_wconf 85' lang='lat' dir='ltr'>Certe</span> <span class='ocrx_word' id='word_1_65' title='bbox 829 1545 971 1628; x_wconf 78' lang='lat' dir='ltr'>synodus</span> <span class='ocrx_word' id='word_1_66' title='bbox 997 1545 1207 1630; x_wconf 78' lang='lat' dir='ltr'>liptinensis,</span> <span class='ocrx_word' id='word_1_67' title='bbox 1235 1570 1330 1632; x_wconf 90' lang='lat' dir='ltr'>quam</span> 
     </span>
     <span class='ocr_line' id='line_1_10' title="bbox 324 1646 1330 1732; baseline 0.007 -23"><span class='ocrx_word' id='word_1_68' title='bbox 324 1646 487 1710; x_wconf 85' lang='lat' dir='ltr'>Zachariae</span> <span class='ocrx_word' id='word_1_69' title='bbox 508 1646 675 1710; x_wconf 87' lang='lat' dir='ltr'>Pontificis</span> <span class='ocrx_word' id='word_1_70' title='bbox 701 1646 837 1730; x_wconf 87' lang='lat' dir='ltr'>epistola</span> <span class='ocrx_word' id='word_1_71' title='bbox 860 1647 931 1711; x_wconf 83' lang='lat' dir='ltr'>haec</span> <span class='ocrx_word' id='word_1_72' title='bbox 953 1650 1126 1732; x_wconf 84' lang='lat' dir='ltr'>praecessit,</span> <span class='ocrx_word' id='word_1_73' title='bbox 1148 1649 1263 1715; x_wconf 85' lang='lat' dir='ltr'>habita</span> <span class='ocrx_word' id='word_1_74' title='bbox 1283 1659 1330 1716; x_wconf 89' lang='lat' dir='ltr'>est</span> 
     </span>
     <span class='ocr_line' id='line_1_11' title="bbox 327 1749 1329 1832; baseline 0.007 -20"><span class='ocrx_word' id='word_1_75' title='bbox 327 1749 401 1813; x_wconf 87' lang='lat' dir='ltr'>Kal.</span> <span class='ocrx_word' id='word_1_76' title='bbox 417 1749 547 1814; x_wconf 88' lang='lat' dir='ltr'>Martiis</span> <span class='ocrx_word' id='word_1_77' title='bbox 562 1771 649 1813; x_wconf 91' lang='lat' dir='ltr'>anno</span> <span class='ocrx_word' id='word_1_78' title='bbox 663 1749 883 1830; x_wconf 86' lang='lat' dir='ltr'>DCCXLIII,</span> <span class='ocrx_word' id='word_1_79' title='bbox 893 1749 1070 1816; x_wconf 87' lang='lat' dir='ltr'>indictione</span> <span class='ocrx_word' id='word_1_80' title='bbox 1086 1753 1148 1818; x_wconf 92' lang='lat' dir='ltr'>XI.</span> <span class='ocrx_word' id='word_1_81' title='bbox 1161 1761 1312 1819; x_wconf 87' lang='lat' dir='ltr'>currente</span> <span class='ocrx_word' id='word_1_82' title='bbox 1319 1781 1329 1832; x_wconf 82' lang='lat'>3</span> 
     </span>
     <span class='ocr_line' id='line_1_12' title="bbox 325 1852 1328 1940; baseline 0.005 -24"><span class='ocrx_word' id='word_1_83' title='bbox 325 1854 393 1917; x_wconf 83' lang='lat' dir='ltr'>baec</span> <span class='ocrx_word' id='word_1_84' title='bbox 408 1852 619 1916; x_wconf 82' lang='lat' dir='ltr'>Mobillonius</span> <span class='ocrx_word' id='word_1_85' title='bbox 634 1852 676 1916; x_wconf 95' lang='lat' dir='ltr'>ad</span> <span class='ocrx_word' id='word_1_86' title='bbox 689 1853 723 1916; x_wconf 75' lang='lat' dir='ltr'>h,</span> <span class='ocrx_word' id='word_1_87' title='bbox 740 1857 771 1917; x_wconf 89' lang='lat'>1.</span> <span class='ocrx_word' id='word_1_88' title='bbox 785 1876 820 1937; x_wconf 91' lang='lat' dir='ltr'>p.</span> <span class='ocrx_word' id='word_1_89' title='bbox 835 1856 888 1917; x_wconf 83' lang='lat'>59.</span> <span class='ocrx_word' id='word_1_90' title='bbox 904 1854 986 1938; x_wconf 85' lang='lat' dir='ltr'>Pagi</span> <span class='ocrx_word' id='word_1_91' title='bbox 998 1875 1073 1919; x_wconf 84' lang='lat' dir='ltr'>vero</span> <span class='ocrx_word' id='word_1_92' title='bbox 1089 1855 1198 1919; x_wconf 77' lang='lat' dir='ltr'>fusius</span> <span class='ocrx_word' id='word_1_93' title='bbox 1211 1858 1328 1940; x_wconf 87' lang='lat' dir='ltr'>paullo,</span> 
     </span>
     <span class='ocr_line' id='line_1_13' title="bbox 322 1955 1329 2044; baseline 0.004 -24"><span class='ocrx_word' id='word_1_94' title='bbox 322 1956 528 2039; x_wconf 87' lang='lat' dir='ltr'>curatiusque</span> <span class='ocrx_word' id='word_1_95' title='bbox 542 1956 585 2019; x_wconf 90' lang='lat' dir='ltr'>ad</span> <span class='ocrx_word' id='word_1_96' title='bbox 599 1977 652 2019; x_wconf 85' lang='lat' dir='ltr'>an.</span> <span class='ocrx_word' id='word_1_97' title='bbox 667 1955 870 2021; x_wconf 86' lang='lat' dir='ltr'>DCCXLII.</span> <span class='ocrx_word' id='word_1_98' title='bbox 886 1979 920 2020; x_wconf 91' lang='lat' dir='ltr'>n.</span> <span class='ocrx_word' id='word_1_99' title='bbox 936 1957 998 2021; x_wconf 90' lang='lat' dir='ltr'>Vl.</span> <span class='ocrx_word' id='word_1_100' title='bbox 1014 1965 1047 2022; x_wconf 88' lang='lat' dir='ltr'>et</span> <span class='ocrx_word' id='word_1_101' title='bbox 1062 1959 1143 2022; x_wconf 92' lang='lat' dir='ltr'>VII.</span> <span class='ocrx_word' id='word_1_102' title='bbox 1165 1982 1197 2044; x_wconf 93' lang='lat' dir='ltr'>p.</span> <span class='ocrx_word' id='word_1_103' title='bbox 1213 1962 1281 2024; x_wconf 83' lang='lat'>250</span> <span class='ocrx_word' id='word_1_104' title='bbox 1298 1969 1329 2024; x_wconf 91' lang='lat' dir='ltr'>et</span> 
     </span>
     <span class='ocr_line' id='line_1_14' title="bbox 322 2058 1330 2143; baseline 0.004 -20"><span class='ocrx_word' id='word_1_105' title='bbox 322 2080 388 2143; x_wconf 92' lang='lat' dir='ltr'>seq.</span> <span class='ocrx_word' id='word_1_106' title='bbox 427 2059 490 2123; x_wconf 85' lang='lat' dir='ltr'>Hae</span> <span class='ocrx_word' id='word_1_107' title='bbox 503 2058 621 2124; x_wconf 87' lang='lat' dir='ltr'>litterae</span> <span class='ocrx_word' id='word_1_108' title='bbox 635 2065 712 2123; x_wconf 90' lang='lat' dir='ltr'>ante</span> <span class='ocrx_word' id='word_1_109' title='bbox 727 2059 888 2143; x_wconf 82' lang='lat' dir='ltr'>synodum</span> <span class='ocrx_word' id='word_1_110' title='bbox 904 2059 1132 2125; x_wconf 81' lang='lat' dir='ltr'>Germanicam</span> <span class='ocrx_word' id='word_1_111' title='bbox 1146 2061 1218 2127; x_wconf 89' lang='lat' dir='ltr'>sine</span> <span class='ocrx_word' id='word_1_112' title='bbox 1233 2062 1330 2127; x_wconf 89' lang='lat' dir='ltr'>dnbio</span> 
     </span>
     <span class='ocr_line' id='line_1_15' title="bbox 322 2160 1329 2229; baseline 0.004 -4"><span class='ocrx_word' id='word_1_113' title='bbox 322 2161 424 2226; x_wconf 90' lang='lat' dir='ltr'>datae:</span> <span class='ocrx_word' id='word_1_114' title='bbox 447 2183 522 2226; x_wconf 89' lang='lat' dir='ltr'>cum</span> <span class='ocrx_word' id='word_1_115' title='bbox 537 2183 576 2226; x_wconf 90' lang='lat' dir='ltr'>ea</span> <span class='ocrx_word' id='word_1_116' title='bbox 593 2160 741 2225; x_wconf 92' lang='lat' dir='ltr'>nondum</span> <span class='ocrx_word' id='word_1_117' title='bbox 759 2161 922 2227; x_wconf 88' lang='lat' dir='ltr'>celebrata</span> <span class='ocrx_word' id='word_1_118' title='bbox 941 2163 1127 2228; x_wconf 81' lang='lat' dir='ltr'>Bonifaoius</span> <span class='ocrx_word' id='word_1_119' title='bbox 1142 2164 1329 2229; x_wconf 86' lang='lat' dir='ltr'>Zachariam</span> 
     </span>
     <span class='ocr_line' id='line_1_16' title="bbox 321 2264 1328 2350; baseline 0.001 -20"><span class='ocrx_word' id='word_1_120' title='bbox 321 2265 528 2343; x_wconf 87' lang='lat' dir='ltr'>consuluerit,</span> <span class='ocrx_word' id='word_1_121' title='bbox 542 2264 659 2348; x_wconf 84' lang='lat' dir='ltr'>hicque</span> <span class='ocrx_word' id='word_1_122' title='bbox 672 2265 835 2348; x_wconf 84' lang='lat' dir='ltr'>praedictae</span> <span class='ocrx_word' id='word_1_123' title='bbox 849 2265 965 2350; x_wconf 88' lang='lat' dir='ltr'>synodi</span> <span class='ocrx_word' id='word_1_124' title='bbox 982 2267 1249 2332; x_wconf 83' lang='lat' dir='ltr'>convocationem</span> <span class='ocrx_word' id='word_1_125' title='bbox 1262 2289 1328 2332; x_wconf 93' lang='lat' dir='ltr'>non</span> 
     </span>
     <span class='ocr_line' id='line_1_17' title="bbox 322 2367 1328 2455; baseline 0.003 -24"><span class='ocrx_word' id='word_1_126' title='bbox 322 2369 426 2432; x_wconf 93' lang='lat' dir='ltr'>solum</span> <span class='ocrx_word' id='word_1_127' title='bbox 440 2367 631 2451; x_wconf 87' lang='lat' dir='ltr'>permiserit,</span> <span class='ocrx_word' id='word_1_128' title='bbox 647 2367 703 2432; x_wconf 87' lang='lat' dir='ltr'>sed</span> <span class='ocrx_word' id='word_1_129' title='bbox 718 2368 817 2432; x_wconf 84' lang='lat' dir='ltr'>etiam</span> <span class='ocrx_word' id='word_1_130' title='bbox 831 2368 1036 2453; x_wconf 83' lang='lat' dir='ltr'>praeceperit3</span> <span class='ocrx_word' id='word_1_131' title='bbox 1059 2375 1093 2434; x_wconf 91' lang='lat' dir='ltr'>et</span> <span class='ocrx_word' id='word_1_132' title='bbox 1107 2376 1220 2434; x_wconf 88' lang='lat' dir='ltr'>tamen</span> <span class='ocrx_word' id='word_1_133' title='bbox 1234 2391 1328 2455; x_wconf 90' lang='lat' dir='ltr'>syno-</span> 
     </span>
     <span class='ocr_line' id='line_1_18' title="bbox 321 2469 1328 2537; baseline 0 0"><span class='ocrx_word' id='word_1_134' title='bbox 321 2469 382 2537; x_wconf 88' lang='lat' dir='ltr'>dus</span> <span class='ocrx_word' id='word_1_135' title='bbox 401 2470 458 2533; x_wconf 82' lang='lat' dir='ltr'>illa</span> <span class='ocrx_word' id='word_1_136' title='bbox 477 2469 600 2534; x_wconf 91' lang='lat' dir='ltr'>incerto</span> <span class='ocrx_word' id='word_1_137' title='bbox 621 2471 692 2534; x_wconf 91' lang='lat' dir='ltr'>loco</span> <span class='ocrx_word' id='word_1_138' title='bbox 711 2470 748 2534; x_wconf 92' lang='lat' dir='ltr'>in</span> <span class='ocrx_word' id='word_1_139' title='bbox 763 2469 940 2536; x_wconf 84' lang='lat' dir='ltr'>Germania</span> <span class='ocrx_word' id='word_1_140' title='bbox 960 2471 1074 2537; x_wconf 82' lang='lat' dir='ltr'>habita</span> <span class='ocrx_word' id='word_1_141' title='bbox 1094 2472 1146 2536; x_wconf 91' lang='lat' dir='ltr'>his</span> <span class='ocrx_word' id='word_1_142' title='bbox 1167 2472 1275 2537; x_wconf 84' lang='lat' dir='ltr'>verbis</span> <span class='ocrx_word' id='word_1_143' title='bbox 1292 2472 1328 2536; x_wconf 92' lang='lat' dir='ltr'>in</span> 
     </span>
     <span class='ocr_line' id='line_1_19' title="bbox 321 2571 1328 2656; baseline 0.004 -21"><span class='ocrx_word' id='word_1_144' title='bbox 321 2571 471 2636; x_wconf 90' lang='lat' dir='ltr'>omnibus</span> <span class='ocrx_word' id='word_1_145' title='bbox 492 2572 688 2637; x_wconf 90' lang='lat' dir='ltr'>editionibus</span> <span class='ocrx_word' id='word_1_146' title='bbox 709 2572 901 2638; x_wconf 86' lang='lat' dir='ltr'>inchoetur:</span> <span class='ocrx_word' id='word_1_147' title='bbox 928 2594 983 2656; x_wconf 73' lang='lat' dir='ltr'>epo</span> <span class='ocrx_word' id='word_1_148' title='bbox 1003 2574 1230 2639; x_wconf 79' lang='lat' dir='ltr'>Carlomounas</span> <span class='ocrx_word' id='word_1_149' title='bbox 1249 2575 1328 2638; x_wconf 75' lang='lat' dir='ltr'>Duc</span> 
     </span>
     <span class='ocr_line' id='line_1_20' title="bbox 320 2676 1327 2756; baseline 0.006 -19"><span class='ocrx_word' id='word_1_150' title='bbox 320 2681 351 2738; x_wconf 85' lang='lat' dir='ltr'>et</span> <span class='ocrx_word' id='word_1_151' title='bbox 373 2676 525 2756; x_wconf 74' lang='lat' dir='ltr'>Princeps</span> <span class='ocrx_word' id='word_1_152' title='bbox 538 2676 739 2755; x_wconf 70' lang='lat' dir='ltr'>Iloncmnm,</span> <span class='ocrx_word' id='word_1_153' title='bbox 762 2698 849 2741; x_wconf 92' lang='lat' dir='ltr'>anno</span> <span class='ocrx_word' id='word_1_154' title='bbox 871 2677 912 2741; x_wconf 91' lang='lat' dir='ltr'>ab</span> <span class='ocrx_word' id='word_1_155' title='bbox 936 2678 1166 2743; x_wconf 89' lang='lat' dir='ltr'>Incarnationo</span> <span class='ocrx_word' id='word_1_156' title='bbox 1193 2678 1327 2743; x_wconf 91' lang='lat' dir='ltr'>Domini</span> 
     </span>
     <span class='ocr_line' id='line_1_21' title="bbox 320 2777 1325 2857; baseline 0.002 -14"><span class='ocrx_word' id='word_1_157' title='bbox 320 2777 519 2857; x_wconf 86' lang='lat' dir='ltr'>DCCXLII,</span> <span class='ocrx_word' id='word_1_158' title='bbox 535 2779 596 2843; x_wconf 88' lang='lat' dir='ltr'>XI.</span> <span class='ocrx_word' id='word_1_159' title='bbox 608 2779 757 2844; x_wconf 87' lang='lat' dir='ltr'>videlicet</span> <span class='ocrx_word' id='word_1_160' title='bbox 772 2779 938 2845; x_wconf 86' lang='lat' dir='ltr'>Kalendas</span> <span class='ocrx_word' id='word_1_161' title='bbox 952 2779 1070 2846; x_wconf 86' lang='lat' dir='ltr'>Maias.</span> <span class='ocrx_word' id='word_1_162' title='bbox 1115 2781 1227 2848; x_wconf 79' lang='lat' dir='ltr'>Quare</span> <span class='ocrx_word' id='word_1_163' title='bbox 1240 2802 1325 2845; x_wconf 90' lang='lat' dir='ltr'>erro·</span> 
     </span>
     <span class='ocr_line' id='line_1_22' title="bbox 320 2880 1327 2970; baseline 0.003 -26"><span class='ocrx_word' id='word_1_164' title='bbox 320 2902 390 2945; x_wconf 90' lang='lat' dir='ltr'>rem</span> <span class='ocrx_word' id='word_1_165' title='bbox 404 2881 454 2944; x_wconf 91' lang='lat' dir='ltr'>vel</span> <span class='ocrx_word' id='word_1_166' title='bbox 468 2880 504 2944; x_wconf 92' lang='lat' dir='ltr'>in</span> <span class='ocrx_word' id='word_1_167' title='bbox 518 2903 679 2963; x_wconf 91' lang='lat' dir='ltr'>numeros,</span> <span class='ocrx_word' id='word_1_168' title='bbox 693 2883 730 2946; x_wconf 93' lang='lat' dir='ltr'>in</span> <span class='ocrx_word' id='word_1_169' title='bbox 745 2883 881 2966; x_wconf 84' lang='lat' dir='ltr'>epistola</span> <span class='ocrx_word' id='word_1_170' title='bbox 900 2905 1074 2968; x_wconf 85' lang='lat' dir='ltr'>expressos,</span> <span class='ocrx_word' id='word_1_171' title='bbox 1088 2883 1140 2947; x_wconf 84' lang='lat' dir='ltr'>vel</span> <span class='ocrx_word' id='word_1_172' title='bbox 1153 2883 1189 2946; x_wconf 90' lang='lat' dir='ltr'>in</span> <span class='ocrx_word' id='word_1_173' title='bbox 1204 2884 1327 2970; x_wconf 91' lang='lat' dir='ltr'>synodo</span> 
     </span>
     <span class='ocr_line' id='line_1_23' title="bbox 320 2985 1326 3069; baseline 0.003 -23"><span class='ocrx_word' id='word_1_174' title='bbox 320 2990 514 3048; x_wconf 87' lang='lat' dir='ltr'>memoratos</span> <span class='ocrx_word' id='word_1_175' title='bbox 535 2985 699 3069; x_wconf 86' lang='lat' dir='ltr'>irrepsisse</span> <span class='ocrx_word' id='word_1_176' title='bbox 723 3006 853 3050; x_wconf 86' lang='lat' dir='ltr'>necesse</span> <span class='ocrx_word' id='word_1_177' title='bbox 879 2993 939 3050; x_wconf 87' lang='lat' dir='ltr'>est.</span> <span class='ocrx_word' id='word_1_178' title='bbox 984 2985 1134 3051; x_wconf 76' lang='lat' dir='ltr'>cointius</span> <span class='ocrx_word' id='word_1_179' title='bbox 1156 2985 1219 3051; x_wconf 93' lang='lat' dir='ltr'>hoc</span> <span class='ocrx_word' id='word_1_180' title='bbox 1240 3005 1326 3050; x_wconf 89' lang='lat' dir='ltr'>anno</span> 
     </span>
     <span class='ocr_line' id='line_1_24' title="bbox 320 3088 1325 3174; baseline 0.003 -23"><span class='ocrx_word' id='word_1_181' title='bbox 320 3109 354 3152; x_wconf 91' lang='lat' dir='ltr'>n.</span> <span class='ocrx_word' id='word_1_182' title='bbox 367 3088 415 3152; x_wconf 91' lang='grc' dir='ltr'>ΙΙ.</span> <span class='ocrx_word' id='word_1_183' title='bbox 428 3088 599 3167; x_wconf 83' lang='lat' dir='ltr'>existimat,</span> <span class='ocrx_word' id='word_1_184' title='bbox 612 3089 767 3153; x_wconf 90' lang='lat' dir='ltr'>mendum</span> <span class='ocrx_word' id='word_1_185' title='bbox 782 3088 901 3154; x_wconf 90' lang='lat' dir='ltr'>cubare</span> <span class='ocrx_word' id='word_1_186' title='bbox 915 3089 951 3153; x_wconf 93' lang='lat' dir='ltr'>in</span> <span class='ocrx_word' id='word_1_187' title='bbox 965 3089 1199 3172; x_wconf 77' lang='lat' dir='ltr'>chronologicis</span> <span class='ocrx_word' id='word_1_188' title='bbox 1211 3088 1325 3174; x_wconf 89' lang='lat' dir='ltr'>synodi</span> 
     </span>
     <span class='ocr_line' id='line_1_25' title="bbox 320 3191 1324 3276; baseline 0.001 -22"><span class='ocrx_word' id='word_1_189' title='bbox 320 3192 567 3271; x_wconf 86' lang='lat' dir='ltr'>characteribus,</span> <span class='ocrx_word' id='word_1_190' title='bbox 583 3191 870 3276; x_wconf 83' lang='lat' dir='ltr'>corrigendamque</span> <span class='ocrx_word' id='word_1_191' title='bbox 890 3213 959 3256; x_wconf 90' lang='lat' dir='ltr'>esse</span> <span class='ocrx_word' id='word_1_192' title='bbox 979 3198 1091 3256; x_wconf 88' lang='lat' dir='ltr'>notam</span> <span class='ocrx_word' id='word_1_193' title='bbox 1109 3192 1160 3256; x_wconf 90' lang='lat' dir='ltr'>vel</span> <span class='ocrx_word' id='word_1_194' title='bbox 1179 3193 1260 3257; x_wconf 89' lang='lat' dir='ltr'>anni</span> <span class='ocrx_word' id='word_1_195' title='bbox 1275 3194 1324 3257; x_wconf 87' lang='lat' dir='ltr'>vel</span> 
     </span>
     <span class='ocr_line' id='line_1_26' title="bbox 321 3293 1324 3374; baseline 0.001 -16"><span class='ocrx_word' id='word_1_196' title='bbox 321 3295 394 3374; x_wconf 90' lang='lat' dir='ltr'>diei,</span> <span class='ocrx_word' id='word_1_197' title='bbox 424 3303 462 3359; x_wconf 90' lang='lat' dir='ltr'>ut</span> <span class='ocrx_word' id='word_1_198' title='bbox 491 3295 598 3359; x_wconf 90' lang='lat' dir='ltr'>deleto</span> <span class='ocrx_word' id='word_1_199' title='bbox 626 3316 713 3359; x_wconf 89' lang='lat' dir='ltr'>anno</span> <span class='ocrx_word' id='word_1_200' title='bbox 743 3293 941 3360; x_wconf 85' lang='lat' dir='ltr'>DCCXLII.</span> <span class='ocrx_word' id='word_1_201' title='bbox 973 3295 1192 3360; x_wconf 86' lang='lat' dir='ltr'>substituatur</span> <span class='ocrx_word' id='word_1_202' title='bbox 1220 3317 1324 3359; x_wconf 89' lang='lat' dir='ltr'>annus</span> 
     </span>
     <span class='ocr_line' id='line_1_27' title="bbox 319 3396 1321 3482; baseline 0.003 -22"><span class='ocrx_word' id='word_1_203' title='bbox 319 3396 451 3476; x_wconf 86' lang='lat' dir='ltr'>XLIII,</span> <span class='ocrx_word' id='word_1_204' title='bbox 467 3405 524 3462; x_wconf 91' lang='lat' dir='ltr'>aut</span> <span class='ocrx_word' id='word_1_205' title='bbox 539 3404 699 3481; x_wconf 87' lang='lat' dir='ltr'>expuncto</span> <span class='ocrx_word' id='word_1_206' title='bbox 713 3396 773 3462; x_wconf 88' lang='lat' dir='ltr'>XI.</span> <span class='ocrx_word' id='word_1_207' title='bbox 791 3398 930 3462; x_wconf 89' lang='lat' dir='ltr'>Kalend.</span> <span class='ocrx_word' id='word_1_208' title='bbox 946 3397 1039 3477; x_wconf 88' lang='lat' dir='ltr'>Maii,</span> <span class='ocrx_word' id='word_1_209' title='bbox 1054 3404 1231 3482; x_wconf 88' lang='lat' dir='ltr'>reponatur</span> <span class='ocrx_word' id='word_1_210' title='bbox 1244 3398 1321 3477; x_wconf 88' lang='lat' dir='ltr'>dies,</span> 
     </span>
     <span class='ocr_line' id='line_1_28' title="bbox 320 3500 1323 3586; baseline 0.002 -23"><span class='ocrx_word' id='word_1_211' title='bbox 320 3502 376 3584; x_wconf 92' lang='lat' dir='ltr'>qui</span> <span class='ocrx_word' id='word_1_212' title='bbox 389 3501 507 3584; x_wconf 90' lang='lat' dir='ltr'>pascha</span> <span class='ocrx_word' id='word_1_213' title='bbox 524 3501 721 3584; x_wconf 83' lang='lat' dir='ltr'>praecesserit</span> <span class='ocrx_word' id='word_1_214' title='bbox 740 3502 819 3566; x_wconf 91' lang='lat' dir='ltr'>anni</span> <span class='ocrx_word' id='word_1_215' title='bbox 834 3500 1053 3580; x_wconf 82' lang='lat' dir='ltr'>DCCXLIII,</span> <span class='ocrx_word' id='word_1_216' title='bbox 1069 3501 1323 3586; x_wconf 87' lang='lat' dir='ltr'>pertinueritque</span> 
     </span>
     <span class='ocr_line' id='line_1_29' title="bbox 320 3602 1322 3689; baseline 0.004 -23"><span class='ocrx_word' id='word_1_217' title='bbox 320 3603 361 3666; x_wconf 90' lang='lat' dir='ltr'>ad</span> <span class='ocrx_word' id='word_1_218' title='bbox 376 3625 499 3665; x_wconf 87' lang='lat' dir='ltr'>annum</span> <span class='ocrx_word' id='word_1_219' title='bbox 515 3602 715 3684; x_wconf 88' lang='lat' dir='ltr'>DCCXLII,</span> <span class='ocrx_word' id='word_1_220' title='bbox 726 3605 821 3670; x_wconf 90' lang='lat' dir='ltr'>initio</span> <span class='ocrx_word' id='word_1_221' title='bbox 835 3605 914 3669; x_wconf 87' lang='lat' dir='ltr'>anni</span> <span class='ocrx_word' id='word_1_222' title='bbox 929 3627 949 3669; x_wconf 92' lang='lat' dir='ltr'>a</span> <span class='ocrx_word' id='word_1_223' title='bbox 963 3604 1105 3689; x_wconf 89' lang='lat' dir='ltr'>paschali</span> <span class='ocrx_word' id='word_1_224' title='bbox 1120 3605 1322 3670; x_wconf 88' lang='lat' dir='ltr'>solemnitate</span> 
     </span>
     <span class='ocr_line' id='line_1_30' title="bbox 317 3705 1320 3793; baseline 0.003 -25"><span class='ocrx_word' id='word_1_225' title='bbox 317 3705 425 3769; x_wconf 88' lang='lat' dir='ltr'>ducto.</span> <span class='ocrx_word' id='word_1_226' title='bbox 470 3706 616 3789; x_wconf 89' lang='lat' dir='ltr'>Indeque</span> <span class='ocrx_word' id='word_1_227' title='bbox 631 3707 716 3772; x_wconf 87' lang='lat' dir='ltr'>banc</span> <span class='ocrx_word' id='word_1_228' title='bbox 732 3708 890 3793; x_wconf 87' lang='lat' dir='ltr'>synodum</span> <span class='ocrx_word' id='word_1_229' title='bbox 906 3714 1136 3791; x_wconf 84' lang='lat' dir='ltr'>congregatam</span> <span class='ocrx_word' id='word_1_230' title='bbox 1151 3715 1246 3792; x_wconf 88' lang='lat' dir='ltr'>putat</span> <span class='ocrx_word' id='word_1_231' title='bbox 1261 3709 1320 3772; x_wconf 89' lang='lat' dir='ltr'>XI.</span> 
     </span>
     <span class='ocr_line' id='line_1_31' title="bbox 319 3809 1320 3895; baseline 0.003 -23"><span class='ocrx_word' id='word_1_232' title='bbox 319 3809 392 3873; x_wconf 90' lang='lat' dir='ltr'>Kal.</span> <span class='ocrx_word' id='word_1_233' title='bbox 418 3809 521 3893; x_wconf 91' lang='lat' dir='ltr'>April.</span> <span class='ocrx_word' id='word_1_234' title='bbox 545 3811 624 3873; x_wconf 88' lang='lat' dir='ltr'>anni</span> <span class='ocrx_word' id='word_1_235' title='bbox 649 3811 770 3876; x_wconf 88' lang='lat' dir='ltr'>Christi</span> <span class='ocrx_word' id='word_1_236' title='bbox 791 3811 1003 3895; x_wconf 86' lang='lat' dir='ltr'>insequentis.</span> <span class='ocrx_word' id='word_1_237' title='bbox 1059 3811 1162 3875; x_wconf 90' lang='lat' dir='ltr'>Mitto</span> <span class='ocrx_word' id='word_1_238' title='bbox 1185 3811 1320 3876; x_wconf 89' lang='lat' dir='ltr'>aliorum</span> 
     </span>
     <span class='ocr_line' id='line_1_32' title="bbox 317 3912 1320 3998; baseline 0.003 -22"><span class='ocrx_word' id='word_1_239' title='bbox 317 3912 492 3996; x_wconf 90' lang='lat' dir='ltr'>opiniones,</span> <span class='ocrx_word' id='word_1_240' title='bbox 508 3920 622 3997; x_wconf 90' lang='lat' dir='ltr'>utpote</span> <span class='ocrx_word' id='word_1_241' title='bbox 638 3936 705 3978; x_wconf 94' lang='lat' dir='ltr'>non</span> <span class='ocrx_word' id='word_1_242' title='bbox 725 3915 828 3998; x_wconf 86' lang='lat' dir='ltr'>magis</span> <span class='ocrx_word' id='word_1_243' title='bbox 842 3914 1039 3980; x_wconf 84' lang='lat' dir='ltr'>verisimiles.</span> <span class='ocrx_word' id='word_1_244' title='bbox 1084 3914 1220 3979; x_wconf 85' lang='lat' dir='ltr'>Certum</span> <span class='ocrx_word' id='word_1_245' title='bbox 1234 3915 1320 3979; x_wconf 90' lang='lat' dir='ltr'>enim</span> 
     </span>
     <span class='ocr_line' id='line_1_33' title="bbox 318 4016 1318 4101; baseline 0.003 -21"><span class='ocrx_word' id='word_1_246' title='bbox 318 4016 474 4096; x_wconf 85' lang='lat' dir='ltr'>existimo,</span> <span class='ocrx_word' id='word_1_247' title='bbox 500 4018 658 4101; x_wconf 91' lang='lat' dir='ltr'>synodum</span> <span class='ocrx_word' id='word_1_248' title='bbox 689 4024 834 4082; x_wconf 86' lang='lat' dir='ltr'>coactam</span> <span class='ocrx_word' id='word_1_249' title='bbox 859 4018 911 4082; x_wconf 90' lang='lat' dir='ltr'>die</span> <span class='ocrx_word' id='word_1_250' title='bbox 936 4018 972 4081; x_wconf 91' lang='lat' dir='ltr'>in</span> <span class='ocrx_word' id='word_1_251' title='bbox 998 4017 1110 4082; x_wconf 90' lang='lat' dir='ltr'>eadem</span> <span class='ocrx_word' id='word_1_252' title='bbox 1140 4018 1318 4097; x_wconf 83' lang='lat' dir='ltr'>enuntiata,</span> 
     </span>
     <span class='ocr_line' id='line_1_34' title="bbox 315 4119 1318 4205; baseline 0.002 -22"><span class='ocrx_word' id='word_1_253' title='bbox 315 4119 502 4205; x_wconf 83' lang='lat' dir='ltr'>litterasque</span> <span class='ocrx_word' id='word_1_254' title='bbox 531 4120 693 4184; x_wconf 82' lang='lat' dir='ltr'>Zachariae</span> <span class='ocrx_word' id='word_1_255' title='bbox 727 4120 853 4185; x_wconf 87' lang='lat' dir='ltr'>duobus</span> <span class='ocrx_word' id='word_1_256' title='bbox 886 4120 1013 4185; x_wconf 90' lang='lat' dir='ltr'>circiter</span> <span class='ocrx_word' id='word_1_257' title='bbox 1047 4127 1125 4184; x_wconf 88' lang='lat' dir='ltr'>ante</span> <span class='ocrx_word' id='word_1_258' title='bbox 1155 4120 1318 4185; x_wconf 85' lang='lat' dir='ltr'>mensibus</span> 
     </span>
     <span class='ocr_line' id='line_1_35' title="bbox 315 4221 1318 4308; baseline 0.004 -24"><span class='ocrx_word' id='word_1_259' title='bbox 315 4221 447 4305; x_wconf 90' lang='lat' dir='ltr'>scriptas</span> <span class='ocrx_word' id='word_1_260' title='bbox 470 4244 547 4302; x_wconf 89' lang='lat' dir='ltr'>esse,</span> <span class='ocrx_word' id='word_1_261' title='bbox 563 4223 701 4307; x_wconf 89' lang='lat' dir='ltr'>ideoque</span> <span class='ocrx_word' id='word_1_262' title='bbox 722 4244 864 4288; x_wconf 88' lang='lat' dir='ltr'>errorem</span> <span class='ocrx_word' id='word_1_263' title='bbox 885 4223 1050 4308; x_wconf 87' lang='lat' dir='ltr'>irrepsisse</span> <span class='ocrx_word' id='word_1_264' title='bbox 1071 4230 1140 4287; x_wconf 89' lang='lat' dir='ltr'>tam</span> <span class='ocrx_word' id='word_1_265' title='bbox 1160 4223 1198 4286; x_wconf 90' lang='lat' dir='ltr'>in</span> <span class='ocrx_word' id='word_1_266' title='bbox 1217 4243 1318 4288; x_wconf 88' lang='lat' dir='ltr'>annos</span> 
     </span>
     <span class='ocr_line' id='line_1_36' title="bbox 315 4324 1318 4410; baseline 0.003 -23"><span class='ocrx_word' id='word_1_267' title='bbox 315 4324 531 4405; x_wconf 88' lang='lat' dir='ltr'>Constantini,</span> <span class='ocrx_word' id='word_1_268' title='bbox 553 4348 648 4409; x_wconf 93' lang='lat' dir='ltr'>quam</span> <span class='ocrx_word' id='word_1_269' title='bbox 670 4327 706 4389; x_wconf 91' lang='lat' dir='ltr'>in</span> <span class='ocrx_word' id='word_1_270' title='bbox 726 4325 939 4390; x_wconf 88' lang='lat' dir='ltr'>indictionem</span> <span class='ocrx_word' id='word_1_271' title='bbox 962 4347 1000 4390; x_wconf 89' lang='lat' dir='ltr'>ac</span> <span class='ocrx_word' id='word_1_272' title='bbox 1023 4345 1179 4404; x_wconf 87' lang='lat' dir='ltr'>mensem,</span> <span class='ocrx_word' id='word_1_273' title='bbox 1202 4324 1318 4410; x_wconf 90' lang='lat' dir='ltr'>quibus</span> 
     </span>
     <span class='ocr_line' id='line_1_37' title="bbox 314 4414 1316 4512; baseline 0.001 -22"><span class='ocrx_word' id='word_1_274' title='bbox 314 4448 353 4491; x_wconf 83' lang='lat' dir='ltr'>ea</span> <span class='ocrx_word' id='word_1_275' title='bbox 366 4427 442 4491; x_wconf 90' lang='lat' dir='ltr'>data</span> <span class='ocrx_word' id='word_1_276' title='bbox 457 4428 618 4492; x_wconf 83' lang='lat' dir='ltr'>dicuntur.</span> <span class='ocrx_word' id='word_1_277' title='bbox 642 4429 725 4492; x_wconf 92' lang='lat' dir='ltr'>Cum</span> <span class='ocrx_word' id='word_1_278' title='bbox 741 4429 827 4492; x_wconf 91' lang='lat' dir='ltr'>enim</span> <span class='ocrx_word' id='word_1_279' title='bbox 844 4414 1052 4493; x_wconf 81' lang='lat' dir='ltr'>Artabasdus</span> <span class='ocrx_word' id='word_1_280' title='bbox 1061 4427 1218 4512; x_wconf 87' lang='lat' dir='ltr'>superiori</span> <span class='ocrx_word' id='word_1_281' title='bbox 1232 4449 1316 4492; x_wconf 90' lang='lat' dir='ltr'>anno</span> 
     </span>
     <span class='ocr_line' id='line_1_38' title="bbox 313 4529 1315 4616; baseline 0.002 -23"><span class='ocrx_word' id='word_1_282' title='bbox 313 4537 383 4611; x_wconf 88' lang='lat' dir='ltr'>post</span> <span class='ocrx_word' id='word_1_283' title='bbox 396 4529 481 4594; x_wconf 92' lang='lat' dir='ltr'>diem</span> <span class='ocrx_word' id='word_1_284' title='bbox 492 4532 638 4596; x_wconf 92' lang='lat' dir='ltr'>XXVII.</span> <span class='ocrx_word' id='word_1_285' title='bbox 651 4532 769 4596; x_wconf 88' lang='lat' dir='ltr'>mensis</span> <span class='ocrx_word' id='word_1_286' title='bbox 786 4533 806 4595; x_wconf 93' lang='lat' dir='ltr'><strong>J</strong></span> <span class='ocrx_word' id='word_1_287' title='bbox 807 4531 878 4595; x_wconf 90' lang='lat' dir='ltr'>unii</span> <span class='ocrx_word' id='word_1_288' title='bbox 894 4533 1077 4616; x_wconf 85' lang='lat' dir='ltr'>Imperator</span> <span class='ocrx_word' id='word_1_289' title='bbox 1092 4531 1252 4596; x_wconf 79' lang='lat' dir='ltr'>salutatus</span> <span class='ocrx_word' id='word_1_290' title='bbox 1265 4531 1315 4609; x_wconf 90' lang='lat' dir='ltr'>sit,</span> 
     </span>
    </p>
   </div>
   <div class='ocr_carea' id='block_1_3' title="bbox 0 0 1634 5467">
    <p class='ocr_par' dir='ltr' id='par_1_3' title="bbox 0 0 1634 5467">
     <span class='ocr_line' id='line_1_39' title="bbox 0 0 1634 5467; baseline 0 5"><span class='ocrx_word' id='word_1_291' title='bbox 0 0 1634 5467; x_wconf 95' lang='lat' dir='ltr'> </span> 
     </span>
    </p>
   </div>
  </div>
 </body>
</html>
