3259 5467
653 759 657 767 ,
699 708 736 750 1n
753 707 924 751 concrum.
1031 745 1034 750 .
1251 687 1313 752 261

312 860 421 932 terent,
433 854 486 938 qui
493 853 694 934 foeminarum
707 872 741 916 se
753 853 855 934 specie
870 851 1091 934 &summunt
1107 899 1115 916 .
1132 899 1140 914 .
1159 899 1167 915 .
1184 899 1193 915 .
1207 853 1317 916 Etiam

311 963 343 1020 et
362 958 434 1019 illas
451 956 676 1019 obseruationes
693 957 776 1019 vetut
795 956 911 1018 diaboti
928 976 1043 1019 auena
1064 957 1199 1038 respuite
1209 983 1220 1031 ;
1243 958 1319 1042 quia

312 1061 396 1142 quad
410 1061 502 1141 pejus
523 1065 579 1136 est,
595 1059 696 1121 adbuc
709 1060 819 1140 plures
838 1060 872 1121 ia
882 1059 999 1140 populo
1023 1061 1199 1124 Christiano
1217 1060 1318 1124 obser·

312 1185 387 1226 aare
401 1184 462 1226 nau
476 1163 666 1226 erubeseunt.
712 1163 791 1225 Sunt
805 1164 896 1241 euim,
912 1164 964 1244 qui
979 1164 1013 1226 iu
1026 1164 1179 1227 Kalendis
1200 1164 1319 1228 Jauua·

312 1269 373 1329 riis
387 1268 433 1329 ita
449 1267 581 1348 auguria
592 1265 763 1343 observant,
773 1271 808 1327 ut
814 1265 923 1346 focum
938 1265 1070 1348 (ignem)
1083 1268 1121 1331 de
1135 1269 1224 1331 domo
1238 1289 1318 1342 sua‚·

313 1371 363 1432 oet
390 1370 479 1431 atiud
506 1369 703 1451 quodcunque
733 1367 909 1449 berreficium
931 1370 1098 1452 cuicunque
1116 1372 1238 1452 petenti
1259 1392 1321 1436 aaa

316 1473 465 1535 tribuant.
510 1472 691 1534 Diaboticas
710 1473 804 1535 etiam
820 1477 942 1534 strenus
965 1478 995 1536 et
1016 1473 1055 1535 ab
1073 1475 1146 1536 aliis
1165 1475 1321 1557 acupiunt

315 1582 348 1639 et
368 1577 430 1658 ipsi
451 1576 524 1637 aliis
541 1575 689 1648 tradunt;
713 1576 812 1656 aliqui
831 1577 925 1638 etiam
942 1577 1054 1639 rustici
1074 1578 1109 1639 iu
1136 1579 1200 1640 ista
1223 1579 1320 1658 noete,

316 1700 383 1761 qua
391 1679 557 1760 preteriit,
572 1679 726 1741 ramnus
745 1698 819 1740 suas
827 1680 939 1759 plenas
960 1679 1064 1741 multis
1083 1679 1182 1756 retnis,
1199 1702 1265 1763 qua
1279 1681 1324 1745 ad

316 1782 563 1845 manducandum
577 1788 649 1845 suut
663 1783 848 1860 necessaria,
861 1788 1081 1863 componentes,
1097 1788 1163 1845 tota
1178 1790 1265 1847 nocte
1275 1785 1322 1849 sic

318 1887 502 1966 compositas
517 1905 582 1948 esse
597 1887 712 1963 volunt,
734 1885 899 1962 credentes,
916 1885 999 1967 quod
1016 1887 1074 1949 troc
1093 1886 1157 1948 iilis
1170 1885 1321 1950 Kolenda

318 1991 639 2070 Jauuariaprastare
647 1994 775 2070 possent
791 1989 952 2066 auritium,
967 1994 1003 2051 ut
1018 1994 1114 2052 tatum
1123 2009 1237 2052 aarum
1252 2009 1322 2053 con·

317 2093 401 2155 ciria
415 2093 539 2155 iliorum
552 2093 587 2154 ia
602 2093 659 2155 tali
674 2091 866 2154 abundantia
874 2097 1081 2172 perseverent.

363 2198 469 2263 XXV.
492 2199 541 2260 De
561 2197 693 2279 eoquod
709 2197 769 2259 sibi
788 2202 911 2259 sanctos
925 2196 1051 2279 fiapunt
1071 2197 1219 2280 quoslibet
1240 2219 1322 2262 mor—

321 2301 414 2385 tuos]
442 2302 505 2365 Per
519 2301 604 2364 hanc
625 2301 883 2383 superstitionem
904 2299 1004 2363 oblito
1019 2322 1085 2364 uno
1100 2322 1237 2385 veroque
1251 2303 1323 2366 Deo

320 2413 417 2468 enata
437 2411 514 2466 sunt
535 2404 640 2466 multa
658 2403 760 2467 millia
774 2403 920 2466 Deorum
938 2407 970 2466 et
991 2403 1170 2485 geniorum,
1187 2426 1324 2487 quorum

321 2507 420 2571 etiam
436 2506 649 2589 genealogias,
664 2514 703 2569 ut
718 2527 758 2569 ex
768 2506 914 2570 Danielis
929 2505 1079 2589 Episcopi
1090 2507 1324 2572 Wintoniensis

322 2609 456 2692 epistola
470 2609 511 2673 ad
526 2609 729 2673 Bonifacium
744 2615 844 2693 patet,
860 2610 983 2674 solicite
998 2610 1213 2675 contexebant
1228 2619 1325 2696 atque

321 2736 341 2777 a
355 2712 583 2778 celebrioribus
601 2735 793 2796 magnorum
807 2714 949 2778 virorum
969 2715 1109 2798 origines
1123 2717 1323 2800 repetebant.

321 2817 518 2881 Clodoveum
541 2819 570 2879 l.
593 2838 704 2899 regem
719 2817 917 2880 Francorum
936 2817 1025 2881 mille
1045 2819 1197 2883 Deastros
1220 2820 1326 2886 adhuc

322 2919 489 2983 ethnicum
504 2919 675 2983 credidisse
690 2919 813 2983 indicat
830 2919 997 3002 Remigius
1016 2921 1052 2983 in
1067 2921 1230 3005 epitaphio
1244 2924 1325 3006 ejus,

322 3023 400 3085 dum
416 3022 524 3086 canit:
550 3024 716 3087 Conterasit
738 3024 862 3087 aedae
881 3023 962 3086 miili
978 3023 1127 3103 Numina,
1143 3045 1210 3106 qua
1228 3027 1327 3090 variis

321 3128 448 3188 torrent
456 3127 738 3208 portentafipuris.

367 3229 492 3292 XXVI.
515 3230 564 3291 De
593 3231 758 3293 simulacro
788 3231 826 3294 de
850 3250 1016 3312 conspusu
1030 3228 1170 3316 farina]
1203 3231 1327 3315 Pagani

321 3332 483 3394 variarum
497 3331 674 3415 figurarum
694 3354 795 3416 panes
809 3333 1013 3397 inhonorem
1029 3333 1174 3398 Deorum
1194 3356 1326 3401 suorum

322 3436 530 3499 confecerunt
550 3444 583 3499 et
601 3435 721 3501 eisdem
740 3436 939 3515 obtulerunt,
960 3436 1056 3500 hosce
1077 3458 1177 3519 panes
1202 3438 1326 3504 oblatos

323 3538 539 3621 singularibus
573 3539 746 3604 virtutibus
779 3539 930 3623 praeditos
963 3540 1177 3607 somniabant.
1238 3542 1328 3611 Hinc

321 3649 413 3704 ortus
425 3648 474 3705 est
489 3663 568 3721 mos,
580 3643 682 3706 varias
697 3643 854 3725 imagines
870 3665 908 3707 ex
923 3666 1007 3728 pane
1021 3645 1145 3710 mellito
1159 3646 1219 3712 sub
1234 3655 1327 3719 nata

322 3744 466 3808 litiorum
481 3752 610 3828 tempus
631 3746 832 3824 conficiendi,
847 3746 951 3831 iisque
969 3748 1112 3814 infantes
1134 3749 1326 3816 oblectandi.

314 3847 406 3936 'Inde
420 3847 513 3931 panis
528 3856 635 3912 certus
651 3849 871 3932 similagineus
887 3850 1103 3936 Heidewegge
1119 3852 1235 3932 dictus,
1250 3853 1327 3919 inde

322 3949 375 4013 die
405 3950 662 4029 Christ-Wecke,
693 3953 745 4016 die
772 3953 911 4033 Bretnel,
938 3954 991 4018 die
1017 3952 1326 4046 Martens-Hb'rnen

322 4052 474 4116 Farinam
486 4075 569 4136 aqua
578 4075 617 4117 ex
631 4054 722 4118 fonte
737 4076 827 4119 sacro
837 4055 954 4120 hausta
967 4056 1018 4120 vel
1033 4055 1128 4120 certis
1137 4055 1327 4129 ceremoniis

322 4155 493 4219 benedicta
516 4157 698 4240 adspersam
722 4164 819 4241 atque
842 4159 890 4222 ita
918 4165 1136 4224 consecratam
1161 4180 1240 4237 esse,
1266 4181 1328 4225 vox

326 4260 500 4340 Cansparsa
511 4259 654 4324 indicare
665 4260 801 4341 videtur,
814 4261 897 4326 sicut
908 4270 1020 4346 postea
1030 4261 1116 4345 apud
1128 4261 1328 4327 Christianos

323 4383 414 4445 aquae
430 4362 607 4427 benedictae
623 4363 785 4447 adspersio
804 4367 993 4446 conparans
1008 4364 1095 4428 dicta
1109 4374 1167 4428 est.

366 4466 511 4528 XXVII.
534 4467 583 4528 De
612 4467 790 4530 anniceris
819 4469 857 4530 de
880 4469 999 4550 pannis
1019 4465 1145 4551 foetis]
1185 4467 1329 4552 Majores

323 4569 426 4631 nostri
449 4568 536 4632 varia
560 4569 730 4634 simulans
753 4570 929 4649 confecere,
954 4570 1138 4653 eisdemque
1160 4577 1329 4656 tamquam
