3259 5467
696 701 733 742 ln
751 701 937 743 rrrsronas.
1250 681 1314 745 207

312 839 402 902 tinus
417 861 563 907 mensam
581 861 671 904 suam
694 861 787 903 sacro
806 860 924 921 semper
943 841 991 901 vel
1005 841 1131 904 lectione
1146 843 1194 904 vet
1211 842 1314 923 diepa

315 944 433 1005 tatione
462 942 632 1006 condiebat.
679 944 727 1006 Ut
756 943 863 1026 inquit
885 942 937 1007 die
959 944 1002 1006 28
1023 943 1167 1025 Augusti
1186 945 1259 1008 lect.
1284 946 1314 1008 ὅ.

314 1042 514 1107 Breviarium
551 1046 746 1110 Romanum.
807 1046 939 1129 Optime
972 1067 1046 1109 vero
1084 1046 1316 1110 convivialium

314 1147 506 1230 utiliumque
536 1170 721 1213 sermonum
751 1149 897 1212 omnium
926 1148 1027 1213 vicem
1051 1148 1216 1212 interdum
1241 1150 1315 1212 fun-

314 1250 402 1331 gitur
417 1251 538 1330 Lecti0‚
555 1251 595 1315 de
616 1274 679 1334 qua
694 1252 735 1315 ad
752 1251 834 1314 illud
854 1252 990 1315 citatum
1012 1252 1045 1314 S.
1063 1253 1225 1316 Romarici
1242 1253 1316 1316 vitae

314 1361 410 1435 caput
432 1357 464 1415 4.
488 1356 538 1418 De
560 1355 729 1418 contrariis
755 1376 829 1418 vero
852 1354 1052 1418 sermonibus
1075 1356 1116 1418 D.
1139 1355 1316 1438 Augustiu.

315 1453 437 1519 Homil.
450 1458 481 1519 6.
498 1458 538 1521 de
555 1458 652 1522 verbo
667 1457 810 1535 Domini,
827 1458 884 1520 ubi
900 1465 1010 1520 tamen
1025 1465 1063 1521 ut
1078 1465 1316 1537 convertantur,
1389 1468 1393 1471 '

314 1559 449 1640 paganis
464 1559 696 1623 blandiendum
712 1561 855 1624 mouet.”
872 1561 925 1623 W.

358 1662 473 1726 “Cum
497 1663 612 1745 ingens
635 1670 668 1726 et
691 1661 870 1726 Hessorum
890 1671 923 1726 et
945 1664 1184 1746 Thuringorum
1208 1665 1318 1748 populi

313 1765 489 1829 multitudo
513 1766 587 1829 fidei
613 1772 823 1842 sacramenta,
846 1766 957 1828 multis
983 1766 1125 1829 millibus
1148 1766 1318 1831 hominum

313 1865 482 1948 baptizatis
510 1868 698 1951 perciperet,
725 1869 794 1951 jam
826 1868 978 1931 defuncto
1015 1868 1119 1931 beatae
1155 1868 1319 1932 memoriae

315 1970 471 2052 Gregorio
486 1972 534 2035 II.
552 1972 644 2035 Sedis
665 1972 859 2054 Apostolicae
874 1973 962 2055 Papa
982 1971 1054 2054 [III
1070 1971 1120 2035 Id.
1137 1972 1214 2034 Feb.
1230 1972 1317 2036 A.D.

316 2073 405 2156 731.]
422 2082 455 2137 et
467 2075 605 2156 glorioso
617 2076 757 2158 praefatae
770 2075 861 2137 Sedis
872 2075 1029 2157 Gregorio
1042 2075 1170 2158 juniore
1181 2075 1319 2157 Aposto-

313 2177 367 2238 lici
382 2178 531 2241 culminis
542 2179 729 2243 cathedram
739 2179 932 2261 praesidente
945 2178 1051 2242 denuo
1062 2179 1199 2242 Romam
1211 2178 1320 2242 nuntii

313 2281 383 2363 ejus
397 2290 564 2360 venerrmt,
581 2290 792 2364 sanctumque
809 2282 901 2346 Sedis
915 2281 1109 2365 Apostolicae
1118 2280 1319 2346 ‘Pontificem

313 2385 444 2448 allocuti
458 2391 545 2464 sunt,
561 2386 654 2468 eique
668 2384 781 2468 prioris
797 2384 947 2448 amicitiae
961 2385 1092 2462 foedera,
1109 2407 1181 2467 quae
1196 2384 1319 2449 miseri-

312 2488 451 2551 corditer
466 2488 506 2551 ab
522 2497 721 2553 antecessore
736 2509 804 2575 suo,
820 2489 853 2551 S.
866 2488 1034 2552 Bonifacio
1044 2489 1176 2572 ejusque
1190 2488 1320 2554 familiae

312 2591 428 2654 collata
450 2599 536 2670 sunt,
552 2577 857 2655 manifestaverunt:
882 2591 939 2654 sed
961 2598 994 2655 et
1019 2591 1167 2656 devotam
1190 2593 1260 2676 ejus
1281 2592 1318 2656 in

313 2693 459 2757 futurum
470 2694 661 2759 humilitatis
672 2693 866 2777 Apostolicae
877 2694 953 2757 Sedi
965 2694 1199 2779 subjectionem
1208 2716 1319 2759 narra-

313 2804 454 2860 verunt.
472 2846 479 2860 .
498 2846 506 2860 .
524 2797 642 2861 Statim
658 2819 734 2879 ergo
752 2798 841 2880 Papa
860 2797 1027 2880 pacificum
1048 2798 1171 2881 profert
1190 2819 1322 2881 respon·

314 2921 386 2962 sum
406 2907 576 2983 sumtoque
590 2900 893 2983 Archiepiscopatus
916 2901 1013 2984 pallio
1035 2923 1111 2964 cum
1130 2900 1319 2964 muneribus

314 3002 436 3083 legatos
459 3003 632 3067 honorifice
655 3003 779 3066 remisit
803 3006 844 3068 ad
868 3003 1015 3086 patriam.
1059 3002 1320 3066 Advenientibus

314 3125 391 3186 ergo
406 3105 530 3168 nuntiis
545 3127 582 3169 ac
595 3127 748 3189 responsa
766 3104 991 3182 referentibus,
1007 3103 1206 3167 confortatus
1227 3104 1319 3168 devo·

315 3207 413 3269 tionis
428 3208 580 3290 suffragio
596 3208 781 3271 Bonifacius
802 3207 882 3271 duas
904 3205 1052 3269 ecclesias
1067 3205 1210 3269 Domino
1225 3205 1322 3269 fabri-

314 3309 398 3372 cavit
421 3332 521 3374 unam
546 3311 582 3372 in
605 3310 793 3387 Frideslare,
818 3331 915 3391 quam
940 3307 1155 3372 inhonorem
1182 3293 1214 3371 S.
1232 3308 1322 3372 Petri

315 3413 467 3496 principis
493 3413 722 3496 Apostolorum
748 3420 781 3476 et
805 3413 940 3476 alteram
965 3411 1001 3475 in
1024 3411 1256 3476 Amanaburch
1284 3411 1321 3475 in

316 3517 438 3580 honore
455 3518 488 3579 S.
504 3516 674 3580 Michaelis
689 3515 886 3597 Archangeli
898 3513 1065 3578 dedicavit.
1103 3515 1180 3579 Duo
1195 3536 1324 3600 quoque

316 3620 544 3684 monasteriola
565 3619 690 3684 duabus
715 3618 860 3704 injunxit
885 3618 1034 3683 ecclesiis.
1083 3619 1324 3685 Willibaldus.'’

364 3825 575 3888 “Dicendum
590 3828 673 3889 foret
687 3832 756 3888 tam
771 3825 832 3907 Ep.
844 3825 973 3888 CXXII
994 3824 1075 3907 [ord.
1093 3825 1179 3889 Serr.
1195 3828 1220 3889 i.
1230 3847 1256 3890 e.
1272 3847 1323 3908 ep.

320 3929 370 3990 10.
381 3929 428 3990 ed.
435 3929 514 4011 aoe]
525 3951 622 4011 quam
631 3929 715 3992 hanc
721 3928 875 3992 CXXVI.
888 3928 945 4012 [24
954 3929 1001 3990 ed.
1011 3928 1091 4010 aaa]
1103 3949 1171 3990 esse
1177 3927 1325 4010 Gregorii

318 4031 366 4093 Il.
410 4032 568 4095 Attamen
584 4033 673 4095 illam
688 4031 803 4095 tribuit
818 4031 977 4095 Beronius
994 4030 1149 4112 Gregorio
1165 4030 1233 4093 III.
1248 4030 1324 4094 licet

317 4133 353 4196 in
371 4135 579 4199 conciliorum
600 4135 701 4198 Tomo
722 4135 769 4198 ΙΙ.
786 4134 915 4212 diserte,
931 4141 969 4196 ut
986 4132 1143 4215 Gregorio
1158 4132 1205 4196 II.
1222 4131 1325 4196 tribu-

318 4244 392 4299 atur
417 4244 450 4300 et
474 4237 604 4320 quidem
629 4237 774 4301 omnium
797 4237 932 4300 ultima:
963 4235 1139 4318 eodemque
1164 4233 1261 4299 modo
1290 4243 1325 4299 et

318 4340 430 4402 ordine
451 4340 570 4404 citatur
587 4362 606 4403 a
622 4340 780 4404 Gratiano
795 4361 821 4404 c.
840 4362 918 4422 quos
933 4362 953 4402 a
967 4339 1100 4422 paganis
1123 4338 1163 4401 de
1182 4358 1323 4402 consecr.

318 4441 350 4505 d.
381 4445 413 4507 4.
474 4443 613 4507 Beronio
643 4455 752 4506 tamen
780 4443 888 4526 potius
917 4442 1045 4506 videtur
1073 4438 1323 4506 assentiendum.

320 4545 439 4624 Primo,
456 4545 531 4628 quia
550 4545 636 4609 idem
655 4544 755 4610 tradit
776 4545 939 4610 Othlonus
953 4543 1009 4610 lib.
1028 4548 1057 4610 l.
1072 4543 1159 4622 Vitae
1175 4543 1209 4608 S.
1226 4543 1326 4608 Boni·
