3259 5467
313 673 356 737 86
587 691 763 735 aosmcrr
780 690 1046 736 sacururrscorr

314 861 390 904 nem
416 840 447 903 vi
477 837 664 921 opprimere,
695 857 763 898 non
791 835 921 919 injustis
951 835 1069 900 divitiis
1097 837 1236 916 inhiare,
1263 860 1320 902 sua

315 943 418 1026 magis
433 939 653 1024 indigentibus
669 938 754 1017 dare,
771 959 868 1020 quam
884 938 990 1002 aliena
1003 960 1123 1022 rapere

357 1048 389 1109 2.
413 1046 508 1120 Item,
533 1047 610 1105 sunt
636 1041 672 1104 in
695 1040 814 1123 populo
838 1041 901 1104 Dei
925 1041 980 1104 alii
1006 1043 1177 1124 sapientes,
1205 1051 1240 1108 et
1267 1044 1319 1108 alii

316 1148 418 1211 stulti.
466 1143 667 1228 Sapientium
682 1150 731 1206 est
751 1142 837 1207 bona
852 1164 923 1226 quae
945 1144 1052 1209 sciunt
1072 1153 1105 1209 et
1123 1167 1219 1229 opere
1235 1168 1319 1211 com-

315 1251 403 1334 plere
418 1256 452 1313 et
467 1249 537 1312 aliis
552 1245 734 1330 praedicare.
759 1245 848 1311 Quid
861 1246 991 1329 prodest
1001 1247 1117 1313 viatori
1131 1249 1213 1314 scire
1224 1250 1319 1327 viam,

316 1354 344 1417 si
367 1375 435 1417 non
460 1352 529 1414 vult
552 1349 700 1413 intrare?
747 1349 807 1412 Ille
831 1370 904 1413 vero
928 1350 984 1434 qui
1006 1350 1091 1414 viam
1115 1352 1178 1415 Dei
1202 1353 1264 1417 scit
1288 1360 1320 1416 et

315 1456 427 1534 intrat,
443 1455 584 1536 aliosque
601 1451 788 1531 introducit,
804 1452 918 1516 similis
937 1460 987 1517 est
1001 1453 1218 1533 firmamento,
1236 1454 1321 1539 quod

315 1559 427 1623 multis
451 1556 598 1641 splendet
622 1554 788 1618 sideribus.
843 1555 909 1621 Qui
932 1577 1006 1620 vero
1030 1557 1151 1620 multos
1173 1557 1319 1635 aedificat,

316 1662 495 1726 multorum
518 1658 665 1722 mercede
683 1658 848 1741 gloriatur.
894 1659 1025 1724 Debent
1044 1660 1154 1743 itaque
1172 1668 1320 1744 potentes

317 1767 425 1830 Deum
439 1765 558 1828 habere
578 1762 639 1827 sibi
657 1769 849 1846 praesentem
865 1762 1000 1848 semper,
1017 1771 1050 1828 et
1063 1764 1140 1848 licet
1153 1765 1321 1829 hominem

316 1890 383 1932 non
397 1868 546 1944 timeant,
562 1867 670 1930 Deum
689 1872 801 1929 tamen
821 1873 979 1945 metuant,
996 1872 1029 1930 et
1049 1873 1246 1950 potestatem
1262 1867 1322 1931 sibi

316 1993 500 2037 concessam
521 1971 558 2033 in
579 1969 642 2033 Dei
663 1968 821 2033 honorem
842 1977 875 2033 et
897 1970 932 2033 in
955 1971 1092 2034 salutem
1114 1971 1234 2035 animae
1257 1993 1321 2036 suae

315 2075 432 2139 fruere.
478 2073 545 2139 Qui
563 2093 638 2136 vero
658 2072 750 2135 stulti
769 2079 847 2136 sunt
865 2080 898 2137 et
917 2072 1049 2152 indocti,
1066 2073 1192 2137 discant
1215 2074 1321 2138 humi-

315 2178 391 2243 liter
415 2200 436 2242 a
460 2175 669 2260 sapientibus,
696 2175 771 2258 quia
794 2176 850 2258 qui
879 2176 1008 2259 ignorat
1036 2176 1253 2260 ignorabitur,
1279 2199 1320 2241 ne

315 2280 501 2366 ignorantia
526 2300 560 2343 se
585 2284 703 2361 putent
729 2278 874 2342 excusari
903 2301 995 2362 posse
1025 2278 1111 2363 apud
1137 2280 1320 2345 districtum

312 2385 475 2470 judicem3
497 2383 551 2447 ille
566 2382 746 2446 considerat
761 2383 887 2447 occulta
901 2383 1166 2468 uniuscujusque.

360 2490 392 2551 3.
415 2487 492 2550 Tres
512 2485 673 2549 distantiae
691 2491 769 2549 sunt
790 2485 827 2548 in
847 2485 992 2551 humano
1012 2507 1149 2570 genere;
1173 2487 1229 2552 alii
1244 2493 1320 2551 sunt

317 2589 374 2673 qui
387 2589 470 2653 bene
490 2588 607 2665 sciunt,
622 2593 655 2652 et
673 2587 798 2652 faciunt
814 2610 885 2671 quae
906 2589 1030 2653 sciunt:
1053 2589 1088 2652 hi
1108 2597 1187 2655 sunt
1207 2590 1320 2674 optimi

316 2692 486 2757 hominum
512 2712 549 2755 ac
574 2692 645 2757 Deo
669 2691 814 2775 proximi.
873 2692 1043 2757 Secundus
1067 2693 1186 2776 gradus
1212 2693 1320 2757 estin

317 2795 504 2862 hominibus
533 2794 589 2878 qui
617 2814 675 2878 per
704 2815 738 2859 se
767 2795 854 2859 bona
882 2795 1042 2874 nesciunt,
1066 2797 1180 2861 volunt
1209 2803 1321 2860 tamen

318 2899 440 2964 discere
455 2920 475 2963 a
488 2898 571 2962 bene
591 2896 776 2975 scientibus,
792 2906 825 2961 et
844 2897 978 2981 implere
998 2919 1071 2982 quae
1090 2898 1272 2977 didicerint,
1288 2905 1320 2961 et

317 3004 435 3068 horum
449 3003 516 3066 vita
529 3001 618 3065 utilis
633 3008 682 3064 est
696 3000 732 3064 in
746 3000 888 3065 ecclesia.
925 3001 990 3067 Qui
1005 3002 1091 3067 bona
1105 3024 1178 3085 quae
1191 3002 1319 3086 ignorat

317 3107 439 3171 discere
462 3104 651 3182 contemnit,
676 3103 773 3188 hujus
796 3103 863 3167 vita
887 3104 1038 3169 omnibus
1063 3105 1189 3169 inutilis
1213 3112 1264 3169 est
1289 3113 1319 3168 et

316 3210 463 3295 plurimis
484 3208 590 3272 noxia.
637 3206 842 3290 Quapropter
864 3207 920 3291 qui
946 3207 1024 3271 sciat
1046 3208 1179 3287 bonum,
1203 3208 1302 3273 faciat
1308 3233 1318 3286 3

318 3322 351 3379 et
367 3314 422 3397 qui
435 3313 568 3390 nesciat,
585 3311 696 3388 discat,
712 3317 750 3374 ut
770 3317 803 3374 et
822 3311 876 3375 ille
892 3311 931 3375 de
947 3333 1006 3375 sua
1019 3311 1153 3376 scientia
1168 3312 1319 3394 gaudeat,

318 3425 351 3481 et
366 3417 419 3480 hic
434 3416 474 3479 de
491 3436 550 3478 sua
567 3414 728 3477 industria
744 3414 899 3496 proficiat.
945 3414 1012 3479 Alii
1032 3420 1109 3478 sunt
1130 3414 1167 3477 in
1187 3414 1320 3479 ecclesia

318 3520 441 3596 divites,
458 3517 511 3581 alii
526 3537 691 3599 pauperes.
723 3517 923 3600 Pauperibus
938 3524 1134 3602 praeceptum
1149 3523 1199 3581 est
1214 3517 1319 3581 humi-

317 3622 365 3685 les
379 3641 458 3698 esse,
474 3626 507 3683 et
522 3639 649 3702 sperare
667 3619 703 3682 in
723 3620 842 3699 Deum,
859 3620 915 3707 qui
937 3620 1036 3684 dixit:
1059 3621 1154 3684 Beati
1163 3641 1320 3703 pauperes

317 3725 442 3806 spiritu,
457 3730 491 3786 et
505 3722 653 3786 meliores
668 3721 794 3786 divitias
813 3729 907 3788 tanto
927 3722 1049 3787 avidius
1064 3744 1182 3802 amare,
1199 3730 1320 3806 quanto

317 3827 368 3891 his
382 3825 519 3890 terrenis
541 3824 633 3889 vacui
653 3833 740 3889 sunt.
785 3826 948 3890 Divitibus
969 3833 1168 3910 praeceptum
1190 3834 1241 3891 est
1263 3847 1320 3889 sua

317 3931 404 4009 dare,
429 3951 496 3994 non
520 3929 626 3994 aliena
650 3950 772 4013 rapere,
798 3930 924 4009 vestire,
948 3929 1093 4008 induere,
1116 3928 1192 4012 quia
1216 3929 1320 3993 multa

316 4039 394 4098 sunt
409 4055 481 4117 quae
496 4032 610 4096 divites
625 4054 682 4116 per
702 4032 936 4097 abundantiam
957 4033 1141 4097 divitiarum
1158 4033 1321 4116 superflua

315 4137 450 4214 faciunt,
465 4136 516 4200 vel
529 4135 564 4198 in
580 4134 661 4212 cibo,
677 4136 728 4199 vel
742 4136 777 4198 in
791 4135 918 4199 vestitu.
965 4135 1044 4199 Ideo
1054 4134 1186 4199 refectio
1201 4156 1320 4219 paupe·

315 4261 390 4303 rum
415 4239 526 4303 abluat
548 4246 681 4322 peccata
703 4260 777 4324 quae
801 4239 1005 4322 superfluitas
1029 4238 1210 4302 contraxit:
1246 4239 1321 4322 quia

315 4344 396 4407 sicut
410 4363 492 4424 apua
506 4343 660 4424 relinquit
679 4342 790 4423 ignem,
805 4344 853 4405 ita
873 4344 1062 4424 eleemoayaa
1076 4342 1232 4424 extinguit
1245 4362 1320 4423 pee-

316 4453 428 4510 catum.
473 4445 570 4509 Dives
586 4445 642 4528 qui
655 4445 758 4528 parcit
773 4445 901 4524 divitiis,
916 4466 983 4509 non
1003 4444 1105 4528 parcit
1120 4444 1248 4522 auimae,
1265 4452 1320 4508 aut

316 4549 369 4613 cui
383 4549 492 4631 largus
514 4555 563 4611 est
586 4548 642 4630 qui
663 4548 834 4631 semetipso
856 4555 952 4614 tenax
976 4548 1048 4612 est?
1072 4547 1203 4631 Cogitet
1219 4569 1320 4612 unus-
