3259 5467
692 720 730 762 ru
747 719 937 763 arrsronas.
1253 701 1317 765 227

309 883 385 926 vero
414 861 541 945 proprie
572 859 623 938 sit,
651 858 807 937 nondum,
837 857 945 941 plures
974 857 1050 921 lieet
1079 857 1317 942 interrogarim,

311 963 463 1047 comperi.
516 962 662 1045 Adparet
691 961 768 1025 hinc
796 967 909 1024 tamen
938 959 1114 1043 pretiosum
1144 959 1319 1025 suffimenti

312 1089 416 1150 genus
430 1065 538 1144 fuisse,
556 1065 641 1148 quod
656 1071 694 1128 ut
714 1063 863 1147 sequenti
881 1063 927 1126 ait
942 1063 1077 1147 epistola
1091 1071 1231 1142 sanctus,
1248 1063 1321 1125 miri

311 1171 417 1234 odoris
436 1190 474 1233 ac
485 1169 677 1251 fragrantia
697 1174 784 1246 ercet,
806 1167 892 1250 quod
909 1166 945 1229 in
963 1167 1096 1249 templo,
1115 1166 1194 1231 dum
1216 1173 1319 1231 sacro-

312 1281 426 1337 sancta
446 1274 611 1335 missorum
632 1271 780 1335 saumata
801 1271 928 1348 fierent,
948 1269 1081 1353 aliaeque
1103 1271 1261 1334 matutina
1283 1291 1321 1334 ac

313 1377 492 1458 vespertina
506 1375 720 1438 funderentur
727 1393 848 1455 preces,
863 1372 994 1437 incendi
1014 1373 1055 1436 ad
1073 1373 1136 1438 Dei
1153 1373 1319 1453 bonorem,

314 1479 465 1562 piamque
489 1499 652 1542 sacrorum
681 1477 956 1560 magnificentiam
982 1477 1105 1542 solebat
1131 1486 1164 1543 et
1193 1479 1255 1544 hac
1285 1478 1321 1543 in

315 1581 407 1664 epist.
419 1581 607 1644 CXLVIII.
621 1580 834 1664 distinguitur
845 1603 865 1644 a
876 1579 1080 1645 cinnamomo
1089 1588 1122 1645 et
1137 1589 1235 1647 costo.
1266 1584 1322 1647 An

311 1692 424 1769 ,styrax
444 1686 516 1750 est?
560 1685 648 1748 Nam
671 1691 704 1747 et
726 1706 801 1747 cum
823 1682 949 1747 duobus
969 1684 1032 1748 illis
1048 1685 1249 1768 jungebatur
1268 1686 1322 1751 bic

316 1809 386 1871 sup.
402 1809 451 1870 ep.
469 1787 638 1851 CXLVII.
683 1787 738 1851 An
755 1787 846 1869 quasi
861 1786 969 1850 Cocha
983 1786 1115 1851 Zumbri
1137 1789 1210 1851 est?
1233 1788 1322 1854 Nam

316 1889 478 1954 Arabibus
507 1888 639 1952 medicis
669 1888 777 1952 Coeba
806 1889 1026 1952 suffimentum
1056 1895 1104 1952 cst
1134 1895 1166 1953 et
1189 1890 1323 1954 Zumbri

317 1999 425 2057 cortex
454 1992 615 2068 odoratus,
642 1991 682 2053 de
709 2012 772 2074 quo
802 1991 894 2055 Isaac
921 1990 1166 2055 Abenamaran:
1197 1991 1237 2056 ab
1267 1991 1323 2058 illo

317 2102 428 2158 autem
453 2095 636 2157 suffimento
661 2100 737 2156 sunt
764 2093 850 2176 apud
876 2093 1137 2176 pharmacopoeos
1162 2094 1323 2177 catapotia

318 2220 376 2261 seu
387 2199 497 2279 pilata
515 2198 635 2274 cortice,
658 2218 730 2279 quae
747 2196 838 2259 fumo
862 2196 952 2278 quasi
971 2217 1029 2260 suo
1048 2198 1211 2261 catarrhos
1231 2197 1321 2279 dissi

316 2301 429 2385 pant.''
444 2302 497 2364 W.
516 2326 543 2353 =
561 2322 592 2383 p.
610 2300 719 2378 124,l.
738 2302 754 2362 l
773 2299 813 2362 de
828 2306 934 2362 vestra
946 2328 980 2355 =
993 2300 1015 2363 l.
1032 2300 1075 2362 26
1090 2299 1322 2366 donum—dic·

318 2412 390 2468 tum
402 2431 428 2458 =

361 2508 422 2590 Ep.
438 2505 633 2571 59.—Hanc
648 2507 752 2589 epist,
770 2506 862 2590 [edit.
872 2506 1002 2570 Wurdt.
1021 2506 1160 2592 LXIX]
1181 2511 1202 2542 “
1212 2527 1323 2591 seque·

319 2610 440 2675 bantur
453 2611 489 2672 in
509 2610 761 2693 Ingolstadiensi
780 2610 889 2673 codice
906 2609 939 2673 S.
956 2610 1114 2674 Bonifacii
1129 2611 1170 2674 ad
1187 2609 1322 2694 Stepha-

318 2736 399 2776 num
424 2735 541 2796 papam
563 2712 726 2796 epistolae:
750 2713 807 2776 sed
833 2721 909 2776 ante
923 2713 993 2797 jam
1013 2734 1031 2778 e
1052 2713 1197 2778 Caesareo
1214 2713 1323 2779 codice

319 2817 431 2901 positae
453 2823 540 2894 sunt,
556 2816 651 2879 sicuti
671 2822 704 2878 et
720 2816 791 2880 aliae
809 2816 927 2899 plures.
972 2815 1127 2901 Adjungo
1147 2817 1252 2881 adhuc
1267 2816 1324 2881 ali·

319 2942 399 3005 quas
414 2941 432 2983 e
446 2920 547 2982 Tomo
563 2919 613 2982 IX
627 2918 804 2982 Annalium
822 2918 964 2997 Baronii,
981 2919 1037 3002 qui
1051 2942 1103 2983 eas
1120 2940 1139 2982 e
1159 2919 1192 2983 S.
1208 2919 1323 2985 Mariae

319 3032 352 3088 et
366 3023 504 3087 Antonii
514 3021 691 3107 Augustini
705 3020 908 3087 bibliothecis
923 3021 1122 3104 exscripsit.’'
1137 3022 1191 3084 W.
1308 3084 1312 3087 .

364 3128 423 3209 Ep.
448 3127 500 3204 60,
524 3148 555 3208 p.
583 3127 656 3204 126,
680 3126 702 3189 l.
728 3128 771 3188 35
799 3124 1220 3209 deportes—deportet=p.
1249 3125 1323 3203 127,

320 3229 341 3293 l.
359 3232 380 3292 8
399 3229 594 3293 facinoribus
616 3229 825 3313 est-saepius
848 3235 897 3292 est
912 3251 938 3278 =
950 3250 982 3311 p.
1006 3229 1079 3306 130,
1095 3227 1116 3290 l.
1132 3228 1175 3290 33
1191 3231 1212 3261 “
1225 3223 1324 3290 Coin-

321 3333 387 3401 tius
417 3354 469 3396 an.
489 3332 699 3396 DCCXLVI.
718 3354 752 3395 n.
777 3331 916 3396 XXXV.
942 3331 1029 3410 dicit,
1054 3329 1227 3395 delendum
1257 3350 1326 3394 esse

323 3458 446 3500 annum
460 3436 622 3519 quintum,
637 3435 763 3519 imperii
786 3435 905 3500 scilicet
921 3434 1128 3499 Constantini
1148 3440 1221 3518 post
1240 3440 1325 3497 mor'-

321 3546 389 3602 tem
408 3537 508 3621 patris
525 3539 701 3621 regnantis,
721 3545 754 3602 et
769 3538 980 3604 indictionem
1004 3537 1096 3601 XIV.
1113 3558 1234 3616 verum,
1250 3556 1326 3600 cum

322 3641 456 3704 indictio
465 3640 559 3704 XIV.
572 3641 607 3704 in
622 3640 772 3704 omnibus
788 3641 1023 3724 exemplaribus
1037 3639 1225 3724 reperiatur,
1242 3639 1324 3705 etin

323 3766 446 3806 annum
461 3745 502 3807 V.
518 3744 645 3827 imperii
661 3743 869 3808 Constantini
884 3745 1062 3823 conveniat,
1079 3747 1189 3809 nullus
1211 3743 1325 3809 dubito

323 3848 401 3929 quin
422 3869 527 3910 annus
541 3848 594 3910 ille
611 3847 755 3911 XXVII.
773 3855 943 3930 corruptus
959 3848 1011 3927 sit,
1027 3855 1060 3912 et
1081 3847 1256 3930 legendum
1271 3868 1324 3911 an.

325 3951 448 4013 XXVI.
465 3950 545 4032 Pagi
560 3951 600 4013 ad
616 3972 668 4014 an.
686 3950 876 4015 DCC-XLV.
892 3973 926 4014 n.
943 3951 991 4014 ΙΙ.
1007 3972 1038 4033 p.
1055 3949 1153 4014 265?
1168 3950 1222 4013 W.
1305 4006 1314 4012 .

365 4054 425 4136 Ep.
447 4054 500 4132 61,
520 4077 551 4137 p.
572 4055 642 4133 l3l,
659 4054 680 4116 l.
697 4056 739 4117 33
763 4053 951 4137 designetur
971 4052 1046 4136 [err.
1066 4051 1145 4134 top]
1173 4048 1325 4132 dedigne-

321 4164 385 4234 tur,
417 4156 502 4239 quod
527 4156 625 4222 habet
649 4156 718 4221 cod.
746 4157 847 4221 Paris.
862 4187 889 4214 =
901 4180 932 4240 p.
961 4155 1079 4234 132,1.
1105 4158 1125 4220 7
1149 4152 1320 4236 Salonam]

323 4261 466 4324 “Genus
495 4260 591 4324 vestis
621 4281 659 4324 ac
688 4260 780 4324 lintei
809 4281 889 4339 esse,
919 4258 1058 4342 intelligi
1084 4257 1180 4321 datur
1203 4277 1242 4319 ex
1255 4256 1326 4321 bac

323 4363 486 4427 Uticensis
495 4362 635 4428 Victoris
646 4361 702 4426 lib.
714 4364 745 4426 3.
759 4363 799 4426 de
807 4383 926 4446 perseo.
936 4361 1115 4428 Vandalica
1125 4358 1326 4424 narratione:

322 4466 462 4529 Muritta
484 4466 637 4530 diaconus
658 4465 834 4530 catholicus
855 4463 1191 4548 cumabElpidoforo
1214 4461 1325 4527 ariano

321 4578 475 4652 apostata,
501 4569 575 4634 fidei
598 4591 703 4646 causa,
728 4567 927 4653 torquendus
951 4575 1043 4647 esset,
1064 4569 1250 4650 priusquam
1279 4566 1324 4643 ait
