3259 5467
468 719 470 721 ·
543 698 624 741 vma
640 697 681 740 nr
698 697 907 740 usarrarnn
925 697 950 740 s.
968 697 1102 740 arvini.⁴
1251 677 1314 740 135

312 839 411 904 homo
433 839 562 924 jacebat
589 839 681 922 quasi
705 845 863 916 mortuus,
890 845 1020 922 etpost
1046 837 1190 921 spacium
1218 837 1315 904 unius

312 943 402 1008 horae
425 943 571 1021 surrexit,
588 950 621 1007 et
643 965 719 1007 cum
740 943 837 1007 beato
859 943 927 1007 viro
951 943 1071 1025 gratias
1095 943 1165 1008 Deo
1189 941 1267 1025 egit,
1282 949 1316 1006 et

313 1068 413 1110 sanus
433 1047 469 1110 in
488 1069 547 1110 sua
565 1046 672 1124 rediit,
688 1053 720 1110 et
740 1045 900 1110 indefessa
914 1067 999 1120 voce,
1014 1045 1121 1128 vulgo,
1137 1044 1240 1109 sancti
1255 1044 1315 1108 Pa-

312 1149 372 1213 tris
388 1149 603 1213 confitebatur
617 1149 781 1228 virtutem,
793 1149 886 1233 cnjus
900 1149 1023 1213 meritis
1037 1148 1223 1213 merebatur
1236 1147 1315 1212 libe·

313 1252 483 1316 rationem.

358 1356 538 1420 Audientes
553 1356 663 1440 itaque
676 1356 790 1440 inclyti
805 1357 955 1420 Praesulis
965 1356 1085 1420 famam
1100 1377 1237 1420 summae
1245 1355 1315 1438 dig·

312 1458 428 1522 nitatis
453 1466 619 1538 matronae,
645 1458 891 1542 clarissimaque
913 1459 1124 1542 ingenuitatis
1154 1458 1315 1542 generosi-

313 1572 383 1629 tate
398 1573 526 1644 exortae,
543 1565 615 1631 duae
635 1565 755 1630 scilicet
774 1586 907 1643 sorores,
924 1586 1061 1648 quarum
1074 1585 1142 1628 nna
1155 1565 1263 1641 Berta,
1281 1569 1315 1627 et

313 1668 417 1732 altera
430 1668 633 1752 Erapahildis
648 1669 825 1732 nominatae
845 1675 932 1746 sunt,
946 1669 982 1732 in
1002 1690 1097 1731 suum
1117 1667 1230 1731 devote
1245 1688 1314 1730 sus·

313 1760 470 1855 ceperunt
484 1772 670 1855 hospitium,
683 1779 843 1855 qnatenus
859 1771 924 1835 suis
940 1770 1159 1835 sacratissimis
1170 1770 1313 1834 frueren-

312 1883 369 1940 tur
383 1875 557 1960 colloquiis,
574 1883 607 1940 et
628 1877 697 1959 ejus
716 1875 899 1939 visitatione
916 1875 1158 1939 consolarentur
1171 1895 1228 1956 per
1242 1895 1316 1956 gra-

313 1979 394 2043 tiam
409 1980 482 2057 Dei,
498 2001 593 2063 quam
613 1980 648 2043 in
669 2002 707 2044 eo
725 1979 850 2062 fulgere
869 1978 1116 2062 conspiciebant.
1163 1975 1315 2040 Habebat

314 2091 425 2148 autem
440 2084 581 2148 Domina
594 2084 797 2167 Erapahildis
807 2084 911 2148 filium
925 2085 1057 2161 nomine
1072 2081 1314 2164 Pugelhertnm,

314 2188 371 2270 qui
397 2209 437 2251 ex
461 2186 665 2251 tuberatione
689 2187 867 2251 vesicarum
891 2207 948 2271 per
972 2186 1127 2250 tredecim
1152 2197 1255 2248 annos
1280 2191 1315 2248 et

315 2290 458 2373 quinque
477 2312 603 2354 menses
625 2291 734 2355 oculos
756 2291 916 2368 amiserat,
935 2296 969 2354 et
987 2290 1098 2353 lumen
1116 2287 1189 2353 coeli
1206 2287 1315 2351 ridere

313 2414 383 2457 non
404 2400 540 2477 poterat.
586 2394 650 2457 Sed
672 2401 785 2457 sancto
808 2394 872 2457 Dei
889 2392 1003 2458 Licino
1024 2392 1162 2458 faciente
1184 2391 1314 2474 signum

314 2503 435 2560 sanctae
463 2496 576 2563 Crucis
611 2518 707 2581 super
738 2496 848 2561 oculos
880 2497 961 2581 ejus,
989 2502 1180 2580 cooperante
1209 2493 1317 2577 gratia

315 2599 424 2664 divina
437 2599 637 2663 illuminatus
653 2607 712 2664 est.
837 2654 838 2658 ,

360 2702 491 2767 interea
509 2704 605 2787 hujus
623 2704 702 2768 facti
721 2703 942 2769 crebrescente
961 2705 1111 2788 opinione
1128 2704 1312 2768 innumera·

313 2806 388 2870 bilis
407 2806 504 2870 turba
522 2807 697 2870 illustrium
718 2807 871 2887 virorum,
889 2807 1124 2891 mulierumque
1146 2807 1313 2872 convenie-

313 2910 372 2975 bat
387 2909 428 2973 ad
446 2932 521 2973 eum
540 2911 740 2980 conferentes
758 2933 868 2976 secum
883 2933 962 2995 quos
976 2911 1140 2975 habebant
1158 2910 1315 2990 infirmos,

314 3018 348 3076 et
362 3011 545 3075 animarum
559 3032 791 3096 corporumque
810 3013 971 3077 coelestem
992 3012 1101 3095 adepti
1121 3018 1198 3074 sunt
1212 3010 1312 3074 medi-

314 3115 432 3191 cinam.
462 3113 526 3178 Sed
539 3115 755 3178 miserrimum
770 3123 820 3180 est
834 3115 904 3192 fari,
920 3114 995 3197 quia
1009 3135 1091 3197 pene
1106 3113 1214 3178 cuncti
1229 3113 1317 3177 cives:

314 3217 563 3301 circumquaque
578 3217 794 3302 adjacentium
808 3217 1053 3302 provinciarum,
1068 3215 1198 3280 beluino
1212 3236 1318 3295 more,

313 3320 526 3394 indomabiles
540 3321 634 3385 corde
649 3328 751 3400 erant,
767 3326 1001 3404 exasperantes,
1012 3320 1083 3383 Deo
1096 3317 1239 3398 rebelles,
1250 3319 1312 3383 iir-

313 3431 402 3489 tutes
427 3446 506 3508 quas
529 3445 586 3508 per
609 3446 714 3489 servos
738 3425 801 3489 Dei
824 3425 860 3488 in
885 3423 1008 3488 mundo
1032 3423 1103 3488 fieri
1127 3422 1315 3503 cernebant,

313 3549 413 3591 vanas
428 3549 498 3593 esse
511 3527 671 3607 dicebant,
687 3534 937 3611 arroganterque
951 3528 1056 3610 legem
1071 3527 1192 3592 Christi
1207 3549 1315 3612 asper·

313 3632 448 3710 nabant,
460 3632 640 3696 sacerdotes
655 3633 723 3716 ejus
738 3630 984 3709 interficiebant,
997 3637 1029 3695 et
1041 3630 1097 3715 qui
1111 3652 1165 3696 eos
1180 3631 1323 3708 inviam

314 3735 428 3799 salutis
446 3734 650 3799 introducere
668 3735 868 3813 laborabant,
884 3743 941 3799 aut
959 3735 1029 3799 illos
1044 3734 1315 3814 exterminabant,

314 3846 372 3902 aut
392 3838 639 3903 intractabiliter
661 3837 888 3903 debacchando
911 3837 1012 3902 atroci
1031 3845 1136 3902 morte
1158 3839 1319 3923 exprime-¹

313 3942 406 4006 bant.
451 3942 559 4025 Igitur
582 3941 705 4006 athleta
729 3941 852 4006 Christi
877 3940 1165 4019 constantissimus,
1189 3941 1318 4024 legibus

314 4043 431 4108 divinis
453 4045 654 4128 praecinctus,
675 4045 734 4108 hos
757 4066 926 4128 aggressus
947 4045 1153 4127 Evangelicae
1171 4045 1321 4129 disputa.

312 4147 413 4211 tionis
431 4148 620 4231 praedicator
639 4147 842 4233 doctiloquiis
865 4146 1045 4227 insistebat,
1066 4148 1233 4212 aemulator
1255 4170 1320 4213 uo-¹

315 4252 375 4315 stri
391 4250 568 4316 Servatoris
589 4252 731 4330 effectus,
746 4252 867 4316 nullius
887 4272 1058 4336 personam
1075 4250 1242 4334 accipiens,
1258 4251 1319 4315 sed

312 4356 409 4439 juxta
437 4353 627 4438 qualitatem
659 4376 792 4437 operum
827 4355 936 4420 solerti
968 4353 1175 4436 indagatione
1203 4375 1318 4418 omnes
1390 4380 1399 4398 ¹

318 4479 469 4542 arguens,
485 4465 529 4538 et,
543 4466 581 4523 ut
602 4458 705 4523 fidelis
727 4465 884 4542 operator,
899 4458 1042 4523 fructum
1064 4457 1163 4522 divini
1184 4457 1320 4522 seminis

316 4562 444 4626 triticea
457 4583 559 4626 messe
574 4561 611 4626 in
628 4560 780 4628 horreum
798 4561 932 4626 Domini
950 4561 1000 4624 sui
1019 4582 1213 4645 congregare
1232 4568 1315 4625 sata-
