3259 5467
319 690 384 752 262
578 709 672 752 uorn
688 708 728 750 ar
745 709 861 752 varin
879 709 1071 771 nncrlpuns.

322 852 393 915 Diis
414 850 596 915 domesticis
614 849 737 913 cultum
759 848 954 928 exhibuere3
977 849 1215 916 eodemmodo
1237 853 1329 916 Alru·

322 976 438 1017 narum
457 954 520 1017 sive
542 953 749 1017 foeminarum
768 951 978 1016 fatidicarum·
997 953 1120 1035 figuras
1150 975 1193 1018 ex
1219 955 1330 1039 pannis

321 1058 422 1121 factas
442 1057 661 1140 superstitiose
680 1054 897 1134 asservabant,
914 1077 989 1119 cum
1009 1056 1139 1122 easdem
1162 1058 1330 1122 crederent

322 1160 416 1224 edere
431 1159 568 1235 oracula,
578 1157 829 1241 felicitatemque
844 1159 1021 1223 cultoribus
1036 1182 1217 1242 procreare.
1248 1161 1329 1224 Tan,

322 1262 397 1327 dem
430 1262 657 1343 Mandragorae
696 1261 838 1324 radicem
873 1262 977 1325 varias
1010 1263 1098 1327 inter
1133 1264 1330 1328 ceremonias

322 1366 469 1428 effossam
492 1366 539 1428 ita
560 1365 784 1442 efformarunt,
806 1371 845 1427 ut
870 1365 1006 1445 humani
1028 1367 1170 1449 corporis
1194 1367 1330 1451 speciem

321 1469 484 1551 praeferret
504 1468 611 1530 infixis
632 1468 744 1531 hordei
760 1468 812 1530 vel
831 1468 913 1531 milii
933 1469 1043 1550 granis
1059 1451 1098 1532 iis
1113 1471 1150 1534 in
1167 1470 1263 1549 locis,
1273 1471 1327 1534 ubi

321 1571 401 1655 pilos
417 1572 532 1636 exoriri
551 1572 712 1636 volebant.
758 1571 856 1635 Hanc
875 1572 1005 1647 mundis
1019 1573 1164 1636 vestibus
1179 1574 1328 1639 indutam

321 1681 355 1739 et
370 1683 497 1757 compte
512 1675 722 1757 compositam
739 1674 775 1737 in
789 1674 907 1739 larario
924 1674 1164 1739 venerabantur
1185 1683 1219 1740 et
1233 1677 1327 1743 Alru-

321 1799 399 1841 nam
413 1778 637 1855 nominabant,
654 1777 741 1859 quod
754 1799 876 1840 nomen
891 1777 999 1842 herbae
1014 1778 1121 1842 adhue
1136 1778 1292 1845 adhaeret.

365 1880 530 1946 XXVIII.
552 1883 602 1944 De
630 1882 806 1958 simulacro,
838 1882 919 1962 qnod
936 1901 998 1962 per
1022 1902 1148 1962 campos
1167 1882 1324 1965 portent]

322 1986 557 2067 Intelliguntur
579 1984 638 2048 sub
661 1985 726 2048 hoc.
736 1985 805 2048 ritu
820 1984 1046 2068 superstitioso¹
1054 1983 1267 2050 Ambarvalia
1275 2007 1327 2068 pa

322 2110 489 2171 ganorum‚
503 2110 574 2171 quae
590 2087 744 2151 Romanis
758 2087 858 2150 etiam
874 2087 910 2150 in
923 2108 986 2150 usu
997 2087 1138 2152 fuerant.
1185 2088 1329 2153 Tibullus

321 2191 376 2255 lib.
394 2193 421 2255 I.
438 2193 519 2275 eleg.
536 2196 576 2254 2:

579 2353 699 2433 Frnpes
714 2352 882 2414 bertramus
896 2358 926 2414 et
941 2373 1043 2434 apros,

493 2457 586 2519 Ritus
600 2461 635 2518 nt
650 2477 669 2518 a
678 2456 790 2536 prisco
806 2456 943 2518 traditus
958 2462 1062 2520 metat
1077 2477 1145 2520 avo.

363 2623 530 2686 Meinders
546 2644 642 2705 supra
657 2623 774 2686 citatus
789 2622 842 2685 hic
858 2629 891 2686 et
906 2622 983 2686 alibi
998 2644 1037 2686 ex
1056 2634 1281 2709 praeconcepto
1294 2627 1327 2690 iu

321 2726 683 2789 Romano-Catholieam
710 2725 878 2789 ecclesiam
906 2725 981 2791 odio
1003 2729 1176 2792 temerarie
1208 2730 1326 2806 asserit,

319 2829 403 2892 hanc
426 2829 685 2912 superstitionem
709 2829 795 2912 apud
817 2829 907 2891 illem
929 2829 1034 2892 adhue
1058 2851 1128 2894 esse
1153 2832 1323 2910 residuam,

318 2932 467 3014 maleque
480 2932 634 3014 intelligit
652 2953 699 3009 ee,
716 2953 787 3014 quae
801 2933 837 2994 in
855 2932 921 2995 vita
942 2933 981 2995 B.
999 2932 1194 2997 Maresvidis
1216 2934 1325 3017 legun-

318 3042 391 3099 tur:
423 3037 597 3114 statuimus,
612 3034 657 3098 ibi
673 3035 821 3112 habetur,
844 3042 879 3099 nt
905 3037 1067 3099 unnnntirn
1089 3039 1227 3101 secunde
1243 3039 1327 3121 feria

319 3141 524 3218 Pentecosten,
542 3141 656 3221 spirita
677 3145 785 3201 sancto
806 3131 997 3221 cooperante,
1013 3141 1141 3203 eundem
1157 3148 1327 3223 patronum

318 3242 352 3305 in
359 3245 522 3324 parochiis
536 3245 655 3321 restris,
673 3244 762 3324 lonpo
778 3243 896 3305 ambitu
913 3242 1162 3325 circumferentes
1176 3252 1208 3309 et
1225 3247 1327 3309 domos

318 3353 438 3409 nestros
458 3349 625 3410 lustrantes
643 3352 673 3409 et
686 3367 749 3427 pro
768 3348 928 3428 pentilicio
947 3347 1133 3410 Ambarvali
1156 3347 1203 3431 (id
1225 3349 1327 3412 estin

318 3451 418 3514 vicem
434 3450 635 3514 Ambarvalis
650 3450 826 3533 gentilibus
842 3450 964 3534 usitati)
981 3452 1017 3513 in
1031 3450 1181 3532 lacrymis
1194 3458 1227 3515 et
1240 3453 1327 3515 vario

319 3554 476 3617 devotione
493 3575 546 3616 ros
567 3556 651 3635 ipsos
670 3554 812 3616 mactetis
830 3560 860 3616 et
880 3555 924 3616 nd
940 3553 1137 3636 refectionem
1150 3575 1327 3636 puerperam

317 3657 534 3737 eleemosynam
564 3659 769 3737 comportetis,
800 3663 831 3719 et
860 3658 894 3719 in
919 3658 979 3720 nar
1002 3658 1086 3720 curti
1106 3665 1328 3739 pernoctantes

316 3779 408 3840 super
422 3760 570 3841 reliquias
580 3761 697 3841 cipiliis
712 3766 742 3823 et
753 3761 896 3823 centibrn
909 3761 1115 3840 solennizetis,
1125 3767 1163 3824 nt
1172 3762 1326 3842 predicto

316 3883 405 3926 mone
417 3864 653 3927 determinatum
669 3884 689 3925 a
703 3864 789 3926 robis
803 3864 961 3940 ambitum,
971 3865 1031 3945 piu
1046 3865 1233 3928 lustratione
1248 3885 1325 3928 corn·

314 3968 442 4047 pientes,
467 3967 512 4029 ud
538 3968 758 4030 monasterinm
787 3988 856 4030 cnm
885 3969 1000 4030 Minore
1022 3968 1124 4030 debito
1150 3969 1325 4049 reportetis.

320 4071 445 4152 Confido
466 4077 567 4133 antem
583 4072 621 4134 de
629 4072 762 4152 patroni
782 4073 874 4153 nujus
887 4072 1112 4149 misericordia,
1128 4071 1214 4153 qnod
1230 4075 1276 4134 sic
1289 4071 1326 4133 ab

317 4194 351 4236 eo
370 4175 495 4254 Gprade
516 4180 607 4237 terrae
621 4176 738 4237 semina
754 4174 878 4237 uberius
886 4175 1069 4256 provenient
1083 4179 1114 4237 et
1132 4177 1230 4236 vanc
1244 4174 1326 4238 aeris

316 4277 515 4340 inclementia
537 4284 662 4341 cessent.
708 4277 775 4342 Qui
797 4278 974 4361 genuinam
997 4277 1037 4341 de
1059 4277 1153 4341 cultu
1174 4283 1208 4340 et
1237 4277 1324 4340 invo-

315 4380 440 4443 catione
478 4389 664 4444 sanctorum
701 4381 880 4444 doctrinam
910 4380 1116 4459 intellexerit,
1146 4380 1262 4444 mitius
1290 4399 1325 4442 ac

317 4483 527 4547 Hermennus
542 4484 712 4567 Adolphus
727 4483 893 4548 Meinders
910 4484 1082 4567 praefatum
1097 4483 1207 4548 locum
1225 4483 1323 4546 inter-

313 4586 503 4668 pretabitur.
