3259 5467
600 731 640 773 ΕΤ
658 730 833 773 Manrrnls
850 729 1036 773 SERMONES.
1277 710 1319 775 87

311 877 449 962 quisque
479 868 600 961 quanto
630 877 732 960 pretio
763 876 802 939 ab
822 870 909 958 'igne
939 876 1101 957 praesenti,
1128 876 1155 938 si
1184 882 1319 958 cogatur

313 981 427 1045 ardere
453 981 501 1044 vel
528 1003 632 1044 unum
658 980 753 1058 diem,
777 978 854 1043 velit
881 999 915 1041 se
940 973 1108 1060 redimere,
1128 986 1250 1062 quanto
1272 984 1320 1042 est

314 1084 418 1147 acrior
441 1084 527 1166 ignis
546 1082 682 1169 judicii?
728 1082 820 1164 Ignis
846 1080 1003 1164 gehennae
1026 1076 1157 1163 insuper
1181 1089 1321 1145 aeternus

315 1194 375 1250 est.
421 1187 500 1250 Ideo
516 1187 571 1269 qui
587 1185 704 1249 habeat
720 1185 857 1263 divitias,
874 1184 1048 1267 praeveniat
1063 1184 1178 1247 faciem
1193 1184 1321 1268 judicis,

316 1295 350 1352 et
370 1289 561 1353 misereatur
583 1288 717 1367 miseris,
733 1293 771 1350 ut
792 1287 821 1350 ei
844 1287 1034 1350 misereatur
1053 1287 1152 1363 Deus,
1169 1288 1224 1370 qui
1243 1309 1321 1370 pau·

316 1392 396 1474 peri,
419 1401 458 1455 ut
480 1392 603 1455 dictum
625 1399 684 1470 est,
707 1391 896 1466 miseretnr3
927 1390 1104 1454 foeneretur
1125 1390 1266 1454 Domino
1289 1399 1322 1454 et

316 1493 385 1576 ipse
399 1494 513 1559 reddet
528 1495 567 1559 ei.
615 1496 716 1558 Senes
732 1515 805 1557 vero
822 1493 913 1557 decet
931 1493 1094 1576 religiosos
1109 1514 1178 1558 esse
1193 1514 1320 1577 compo-

318 1597 390 1660 sitis
410 1598 562 1676 moribus,
579 1605 612 1662 et
633 1598 784 1661 canitiem
807 1617 921 1660 ornare
943 1596 1125 1674 sobrietate,
1141 1603 1174 1660 et
1197 1617 1323 1680 semper

319 1699 361 1763 de
375 1700 524 1783 ingressu
548 1701 680 1765 alterius
703 1702 777 1764 vitae
801 1699 952 1781 cogitare.
998 1699 1227 1764 Adulescentes
1247 1720 1322 1764 oon-

319 1804 409 1867 venit
424 1804 617 1868 obedientiae
639 1811 672 1868 et
693 1802 885 1887 subjectioni
907 1802 1070 1866 seniorum
1091 1823 1221 1886 operam
1236 1803 1322 1880 dare,

320 1913 360 1969 ut
375 1908 543 1990 proficiant
559 1929 684 1991 semper
705 1907 742 1970 in
764 1906 860 1969 domo
876 1905 947 1983 Dei,
964 1913 1002 1969 ut
1019 1906 1166 1970 meliores
1182 1927 1219 1970 ac
1233 1907 1322 1969 meli-

322 2031 394 2073 ores
409 2012 499 2088 fiant,
515 2033 576 2075 nec
593 2012 683 2075 vanis
703 2010 973 2075 oblectationibus
996 2016 1028 2073 et
1050 2010 1153 2073 noxiis
1168 2009 1325 2092 cupidita-

323 2112 412 2177 tibns
427 2115 585 2198 malignos
605 2136 639 2179 se
658 2114 788 2199 spiritus
809 2112 992 2195 mancipare
1013 2112 1131 2191 sinant,
1148 2113 1204 2176 sed
1223 2120 1326 2176 castos

326 2239 360 2281 se
392 2227 425 2283 et
454 2220 677 2285 immaculatos
710 2220 862 2284 studeant
892 2219 933 2283 ad
962 2227 1123 2284 maturam
1152 2220 1327 2303 perducere

326 2328 467 2386 aetatem,

369 2429 402 2488 4.
430 2427 624 2492 Parentibus
653 2448 780 2511 quoque
808 2433 1006 2510 praeceptum
1031 2433 1089 2506 est,
1115 2434 1152 2491 ut
1179 2426 1328 2491 erudiant

326 2529 409 2593 filios
428 2551 502 2594 suos
521 2531 557 2594 in
577 2532 692 2594 timore
715 2530 787 2593 Dei.
834 2528 922 2595 Quid
940 2529 1027 2592 enim
1047 2530 1174 2613 parenti
1192 2531 1327 2614 proficit,

328 2632 355 2695 si
375 2632 493 2697 habeat
515 2634 618 2697 filium
639 2632 810 2697 tormentis
832 2632 995 2716 perpetuis
1017 2633 1234 2717 deputatum?
1256 2635 1329 2701 ideo

328 2734 516 2817 diligentins
546 2737 695 2800 erudiant
724 2736 758 2798 in
789 2735 957 2818 disciplina
985 2735 1115 2818 pietatis
1145 2759 1219 2802 suos
1248 2739 1329 2804 filios

327 2844 446 2919 patres,
472 2846 510 2902 ut
540 2839 765 2903 benedictione
793 2837 982 2901 hereditatis
1011 2838 1064 2902 hic
1093 2846 1126 2903 et
1155 2840 1190 2903 in
1219 2840 1330 2906 futuro

330 2941 446 3003 saeoulo
461 2941 603 3005 habeant
618 2942 697 3006 illos.
746 2941 810 3004 Sed
833 2947 866 3004 et
888 2941 946 3004 filii
968 2940 1121 3006 obediant
1142 2945 1331 3025 parentibus

331 3043 408 3120 suis,
417 3065 494 3114 nam
510 3051 543 3108 et
557 3044 693 3129 ipsemet
702 3045 852 3108 Christus
867 3044 1015 3108 subditus
1029 3043 1129 3108 fuisse
1143 3049 1330 3128 parentibus

330 3145 397 3208 suis
412 3146 541 3229 legitur.
586 3148 658 3210 Viri
671 3170 747 3212 vero
762 3147 899 3230 diligant
914 3167 1028 3210 uxores
1044 3168 1118 3210 suas
1132 3147 1168 3210 in
1184 3151 1332 3217 castitate

331 3256 365 3312 et
380 3251 577 3315 conscientia
591 3274 681 3334 pura,
698 3259 731 3315 et
750 3251 841 3335 quasi
855 3249 1010 3332 fragiliori
1024 3250 1160 3329 vasculo,
1176 3251 1332 3319 honorem

331 3353 378 3415 eis
394 3362 631 3438 competentem
650 3356 685 3419 in
705 3356 821 3419 timore
840 3355 902 3418 Dei
921 3354 1050 3433 faciant,
1066 3376 1244 3439 uxoresque
1259 3358 1332 3424 viris

333 3455 400 3520 suis
416 3457 481 3522 sint
497 3458 635 3522 subditae
656 3458 692 3522 in
709 3459 825 3522 timore
844 3465 877 3521 et
896 3458 969 3532 fide,
985 3458 1122 3521 scientes
1138 3481 1157 3523 a
1171 3460 1242 3524 Deo
1257 3482 1333 3526 oon-

334 3559 484 3624 stitntam
506 3583 575 3625 esse
598 3562 830 3646 subjectionem
852 3561 959 3624 uxoris
976 3561 1053 3624 viru.
1101 3562 1185 3627 Sunt
1208 3587 1334 3650 quoque

335 3662 399 3725 alia
413 3666 598 3729 communia
610 3666 646 3729 in
661 3665 793 3729 ecelesia
808 3664 897 3727 omni
917 3663 1077 3747 dignitati,
1094 3667 1183 3731 aetati
1197 3675 1230 3732 et
1245 3673 1335 3734 sexui

334 3774 505 3850 praecepta,
521 3775 558 3832 ut
573 3777 622 3833 est
638 3769 771 3851 diligere
786 3768 953 3831 dominum
970 3768 1076 3832 Deum
1091 3791 1131 3833 ex
1145 3777 1215 3836 toto
1230 3775 1334 3853 corde,

336 3890 374 3933 ex
390 3877 461 3934 tota
474 3881 594 3950 mente,
610 3879 742 3955 totaque
756 3870 885 3946 virtute,
902 3876 934 3932 et
953 3871 1132 3953 proximum
1156 3874 1238 3938 sicut
1254 3877 1335 3960 seip-

336 3994 419 4050 sum,
439 3975 610 4058 nullusque
631 3974 693 4038 hoo
713 3973 806 4037 alteri
823 3973 919 4037 faciat
943 3974 1028 4056 quod
1050 3974 1111 4037 sibi
1133 3976 1202 4039 fieri
1224 3979 1333 4044 nollet.

334 4076 497 4141 Patientia
506 4099 633 4162 quoque
642 4076 791 4142 omnibus
803 4077 982 4140 necessaria
993 4083 1042 4140 est
1059 4084 1092 4140 et
1107 4080 1335 4161 compassionis

335 4180 479 4259 affectus,
496 4187 528 4244 et
544 4180 767 4245 misericordiae
786 4180 928 4263 largitas,
944 4187 977 4243 et
991 4179 1126 4264 justitia
1144 4181 1287 4266 aequitas,
1304 4192 1337 4248 et

338 4284 411 4346 fidei
427 4285 559 4366 puritas,
576 4293 609 4349 et
625 4284 692 4368 spei
706 4284 851 4362 firmitas,
862 4283 1107 4366 orationumque
1122 4283 1286 4366 instantia,
1304 4296 1336 4352 et

337 4388 552 4452 mansuetudo
578 4409 715 4459 morum.
762 4387 824 4449 His
850 4388 936 4450 enim
961 4392 994 4449 et
1016 4386 1203 4470 hujusmodi
1224 4388 1337 4456 hostiis

337 4499 538 4573 promeretur
561 4492 670 4555 divina
689 4490 870 4555 clementia.
918 4491 997 4553 Haec
1019 4489 1106 4553 enim
1127 4491 1239 4555 salutis
1257 4515 1336 4576 prae-

340 4600 432 4675 cepta
446 4601 480 4657 et
495 4595 645 4660 omnibus
660 4595 867 4672 conveniunt,
882 4601 916 4657 et
936 4594 1061 4658 cunctis
1076 4595 1256 4661 necessaria
1269 4619 1338 4665 esse
