3259 5467
314 691 379 754 226
567 710 662 753 noun
679 709 719 752 nn
735 709 851 753 unuin
869 709 1060 753 uncuiouns.

357 849 611 914 Cumlomannus
631 857 665 913 et
685 849 842 932 Pippinus
862 851 1001 934 majores
1022 848 1141 914 domus
1158 849 1222 914 hoo
1236 869 1312 912 enno

313 953 398 1017 ivere
413 958 526 1017 contra
542 953 694 1031 Saxones,
710 952 766 1035 qui
781 952 887 1016 denuo
901 952 1109 1017 rebellarunt.
1157 952 1313 1017 Othlonns

313 1055 369 1120 lib.
388 1057 417 1120 Ι.
441 1077 468 1120 e.
491 1058 545 1121 37.
565 1062 713 1134 testatur,
737 1055 835 1120 fuisse
857 1062 937 1120 tune
959 1055 996 1119 in
1019 1055 1165 1120 exercitu
1193 1055 1314 1120 caron

314 1161 427 1222 manni
448 1158 658 1223 Gewiliebnm
677 1158 862 1243 episcopum
880 1158 1128 1242 Magnntinum.
1148 1160 1315 1222 Gausisteu

315 1264 397 1328 tibus
411 1270 522 1342 autera,
538 1264 594 1343 ait,
609 1265 769 1346 utriusque
784 1265 897 1346 populi
914 1264 1100 1328 euereitibus
1121 1264 1168 1326 eis
1183 1265 1318 1346 eitum

314 1369 417 1448 ripam
424 1367 567 1461 fluminis
581 1368 758 1446 Wuaratso,
768 1367 919 1449 precepit
931 1365 1075 1430 Gesailieb
1083 1387 1222 1448 puerum
1235 1387 1318 1429 suum

313 1472 396 1535 iuter
410 1472 511 1535 hostes
522 1492 660 1554 perpere,
675 1473 798 1553 illicque
812 1491 920 1534 uomere
934 1471 1008 1553 eius,
1024 1471 1078 1553 qui
1090 1476 1223 1552 patrem
1236 1490 1319 1532 mum

315 1594 395 1637 auno
411 1575 573 1655 preterita
595 1575 760 1650 occiderat,
782 1574 946 1656 dilipeater
968 1573 1136 1655 inquirere.
1187 1571 1319 1654 &empse

308 1698 408 1759 puero
420 1679 514 1759 jussa
536 1679 698 1759 complenti
716 1677 953 1758 responderetur
975 1697 996 1739 a
1019 1675 1319 1758 quamproxime

315 1783 402 1844 illum
424 1783 539 1859 adesse,
561 1802 648 1863 quem
672 1786 844 1863 quereret:
865 1781 970 1844 uenire
991 1785 1109 1862 repnte,
1128 1779 1242 1861 iuquit,
1257 1799 1320 1842 eum

316 1888 375 1948 tue
397 1885 586 1966 quantocius,
610 1884 684 1966 quia
704 1904 804 1947 seeum
827 1883 1028 1946 sermocinari
1049 1883 1164 1960 senior,
1187 1883 1248 1945 hoe
1268 1887 1320 1959 est,

316 1988 456 2050 domiuus
470 1988 589 2068 appetit
607 2007 700 2050 merus.
746 1987 812 2059 Quo
827 1987 964 2050 aeuieute
978 1991 1009 2048 et
1025 1985 1180 2066 utrimque
1195 1985 1320 2048 alterius

315 2092 449 2153 adveutu
463 2091 652 2168 denuntiato,
661 2111 734 2153 mou
742 2091 935 2171 preparatis
949 2090 1035 2172 equis
1050 2089 1090 2152 ab
1100 2095 1236 2172 utropsse
1249 2090 1319 2167 itur,

317 2199 347 2256 et
370 2194 404 2256 iu
423 2194 522 2257 medio
542 2214 631 2256 arnae
654 2193 884 2256 occurrentibus
906 2198 997 2275 atque
1019 2192 1262 2274 colloquentibus
1279 2194 1321 2255 ait

320 2296 466 2359 Gesoilr‘eb
480 2297 658 2378 episeopus.-
682 2297 797 2376 Accipe
806 2296 879 2378 jam
891 2295 1025 2377 ferrura,
1040 2316 1100 2378 quo
1113 2300 1244 2377 patrem
1258 2296 1320 2359 aiu

318 2401 387 2462 dieo
417 2419 533 2462 aarum.
577 2401 654 2462 Hcee
681 2400 781 2481 ipitur
810 2400 925 2478 diceus,
951 2399 1059 2481 plodio
1088 2419 1163 2461 mou
1185 2397 1322 2480 perfodit

317 2503 423 2574 itlum5
446 2503 499 2583 qui
518 2503 626 2566 statim
646 2521 791 2565 eorrzaeus
808 2522 848 2564 eu
867 2522 951 2584 equo,
967 2502 1000 2566 io
1013 2500 1146 2584 flumine
1165 2502 1322 2564 uiolasti

317 2605 471 2685 spiritum.
519 2605 651 2686 Curaque
664 2606 714 2668 sui
728 2606 807 2668 talia
825 2610 1033 2687 apuaseerent
1049 2603 1089 2666 ab
1104 2604 1246 2668 omuibus
1261 2606 1320 2668 ela-

317 2708 471 2787 ruabatur,
494 2709 648 2791 utrimque
673 2710 822 2773 consertis
845 2710 949 2772 euueis
976 2728 1167 2790 summopere
1196 2709 1322 2772 dimica·

320 2812 433 2874 batur:
456 2813 668 2894 superatisque
683 2812 859 2876 Sarouibus
872 2812 1106 2876 Korlaraauuus
1120 2831 1190 2876 euru
1204 2814 1271 2876 suis
1284 2812 1325 2874 ad

311 2915 446 2996 propria
459 2916 615 2994 remeauit,
631 2917 750 2979 neruiue
767 2916 804 2978 id
824 2915 908 2997 prod
916 2914 1040 2996 foetum
1059 2919 1107 2978 est
1121 2934 1142 2977 a
1160 2914 1322 2978 Gesoiliebo

317 3023 351 3085 iu
365 3021 523 3084 homicidii
538 3022 653 3084 eriuuu
671 3021 853 3102 imputante.
902 3019 989 3084 Unde
1007 3023 1038 3082 et
1056 3038 1200 3083 reseretis
1218 3019 1323 3083 solitos

318 3127 506 3209 episcopales
517 3125 579 3187 sibi
592 3124 762 3187 uiudu‘eaou‘t
775 3143 859 3186 usus.
874 3122 930 3186 W.

362 3230 422 3312 Ep.
439 3232 482 3294 57
498 3227 647 3291 “Literae
662 3226 774 3310 primae
789 3224 939 3308 Gregorii
953 3225 1001 3289 II.
1017 3225 1055 3288 P.
1072 3223 1110 3287 P.
1126 3223 1212 3288 datae
1227 3222 1321 3288 Boni-

318 3332 400 3397 faeio
415 3353 489 3396 aum
504 3331 658 3395 facultate
672 3328 869 3413 praedieandi
889 3326 1047 3411 evangelii
1061 3326 1224 3411 gentibus,
1241 3327 1322 3390 dntae

320 3442 397 3498 sunt
418 3433 525 3497 idibus
551 3433 653 3498 Maii:
688 3432 806 3497 Leonis
828 3430 972 3516 Augusti
995 3429 1167 3494 annulli.
1188 3429 1322 3514 imperii,

319 3536 496 3600 indictione
519 3536 567 3600 II.
595 3537 739 3621 adeoque
763 3557 850 3599 anno
876 3533 1058 3598 DCCXIX.
1085 3532 1142 3597 sed
1171 3531 1213 3597 ab
1239 3553 1323 3597 anno

320 3638 521 3702 DCCXVII.
538 3640 676 3702 Romam
696 3639 859 3723 profectus
874 3637 1076 3701 dedicaverat
1095 3656 1131 3699 se
1150 3635 1324 3719 apostoliea

320 3741 496 3805 ministerio
505 3766 515 3819 3
546 3740 586 3805 ab
608 3764 694 3807 anno
718 3749 827 3807 autem
848 3738 1050 3805 DCCXVII.
1069 3738 1111 3803 od
1132 3738 1322 3803 Dccxhv.

320 3854 397 3910 sunt
411 3867 509 3929 prope
527 3845 605 3908 anni
619 3846 725 3910 XXX.
771 3845 856 3910 Vide
871 3844 1039 3929 epistolum
1057 3842 1222 3908 CXVIII.
1240 3842 1325 3906 inter

322 3951 423 4014 editas
439 3973 458 4013 a
475 3949 634 4013 Sereno?
649 3951 703 4014 W.

363 4054 423 4137 Ep.
437 4056 479 4116 58
491 4052 705 4135 Gnnnunns]
726 4058 747 4087 “
760 4052 836 4116 Hoc
849 4052 885 4116 in
900 4050 1086 4117 Baroniano
1100 4069 1224 4114 nomen
1238 4048 1326 4113 deest

320 4164 388 4220 tarn
414 4157 449 4218 in
472 4157 533 4220 hae
556 4177 653 4239 quam
676 4163 830 4238 sequente
853 4154 1004 4239 epistola:
1031 4160 1066 4217 et
1087 4153 1174 4217 hane
1197 4151 1324 4236 quidem

321 4255 1324 4342 collocatann0DCOXLV.sequeneemver0annonocxnll.

321 4364 357 4426 in
371 4371 508 4446 utraque
519 4361 691 4427 Couumbri
706 4363 830 4427 mentio
845 4370 904 4442 ost,
917 4361 973 4426 sed
988 4360 1097 4445 alique
1106 4360 1145 4424 in
1155 4360 1325 4444 scriptione

321 4466 457 4530 varietas
480 4473 539 4530 est.
585 4466 650 4529 Hie
674 4465 762 4528 enim
788 4465 994 4543 Coruumber,
1016 4463 1052 4528 in
1077 4465 1229 4548 sequenti
1251 4464 1326 4529 coc-

322 4569 462 4648 zumber‚
479 4569 564 4652 apud
580 4569 756 4633 Beronium
775 4569 811 4631 in
833 4575 971 4652 utraque
986 4567 1195 4634 Cotuumber.
1242 4565 1325 4635 Quid
