3259 5467
321 659 384 719 164
681 677 761 720 vrrs
780 676 958 720 rourrxcu

319 818 398 881 tiam
428 819 560 882 Domini
589 818 653 882 Dei
685 818 787 882 nostri
817 817 1000 902 jacentibus
1034 818 1116 881 sicut
1146 838 1220 881 oves
1252 840 1317 881 non

314 920 475 997 ,habentes
500 929 670 1006 pastorem,
696 923 853 1006 praeferre.
912 921 977 985 Sed
1000 921 1075 1004 quia
1100 921 1317 986 contradicere

318 1023 394 1088 huic
408 1032 501 1089 tanto
515 1025 666 1089 Pontifici
679 1025 874 1109 Apostolicae
894 1024 977 1088 sedis
991 1025 1125 1108 praelato
1139 1047 1208 1089 non
1223 1024 1317 1088 aude-

318 1135 384 1191 ret:
422 1129 584 1193 conseusit
620 1129 718 1193 etiam
753 1137 785 1192 et
815 1127 966 1193 obedivit.
1027 1129 1144 1212 Sicque
1173 1150 1318 1191 summus

318 1238 437 1295 sanctae
463 1231 667 1295 authoritatis
693 1231 853 1310 Pontifex,
879 1231 965 1295 diem
994 1230 1162 1294 constituit
1191 1230 1317 1294 ordina-

317 1335 433 1398 tionis:
455 1335 490 1398 id
506 1342 566 1414 est,
580 1335 682 1418 pridie
703 1335 919 1399 Calendarum
933 1333 1174 1398 Decembrium.
1219 1334 1318 1398 Cum-

319 1460 381 1521 que
401 1446 620 1503 sacrosanctus
640 1437 852 1502 solemnitatis
872 1439 950 1517 dies,
971 1445 1004 1502 et
1025 1438 1193 1502 natalitius
1215 1438 1317 1501 sancti

317 1541 467 1620 Andreae,
488 1550 521 1606 et
540 1542 706 1626 praefinitae
725 1541 937 1606 ordinationis
956 1541 1122 1620 illuxisset,
1139 1542 1210 1625 jam
1229 1563 1317 1605 sacer

311 1646 401 1710 sedis
417 1645 611 1730 Apostolicae
631 1645 790 1725 Pontifex,
806 1645 1016 1728 Episcopatus
1036 1644 1096 1709 sibi
1115 1653 1148 1708 et
1165 1645 1316 1723 nominis,

317 1751 401 1833 quod
417 1759 465 1814 est
479 1748 674 1826 Bonifaeius,
685 1749 838 1832 imposuit
850 1748 1052 1831 dignitatem,
1064 1749 1156 1832 eique
1169 1749 1316 1813 libellum

317 1856 352 1918 in
382 1877 445 1939 qno
474 1855 688 1919 sacratissima
715 1853 946 1918 Ecclesiasticus
975 1852 1217 1917 constitutionis
1242 1853 1316 1937 jura

316 1958 552 2043 pontificalibus
570 1959 695 2040 digesta
713 1964 789 2021 sunt
808 1957 1030 2036 conventibus,
1045 1957 1313 2021 accommodavit:

316 2071 349 2126 et
368 2070 407 2126 ut
427 2085 466 2126 ex
484 2062 546 2129 hoc
564 2062 752 2126 inconvulsa
771 2061 858 2144 apud
877 2081 912 2124 se
930 2061 1121 2144 pontificalis
1138 2060 1208 2126 baec
1223 2061 1315 2125 disci·

315 2166 413 2248 plina,
434 2173 467 2230 et
486 2165 699 2229 institutionis
718 2165 797 2228 ordo
815 2171 1029 2248 permaneret,
1046 2165 1220 2249 populique
1240 2164 1315 2229 sub·

312 2270 391 2352 jecti
406 2270 456 2333 his
469 2268 659 2333 imbuantur
673 2268 836 2350 exemplis,
851 2268 1018 2352 imperavit
1026 2293 1037 2346 3
1060 2268 1117 2332 sed
1131 2274 1164 2333 et
1179 2268 1314 2333 familia·

315 2372 445 2436 ritatem
466 2380 584 2436 sanctae
604 2373 687 2437 sedis
706 2372 909 2456 Apostolioae,
924 2379 992 2436 tam
1013 2371 1083 2450 sibi,
1099 2393 1197 2455 quam
1212 2371 1313 2436 omni-

314 2476 376 2539 bns
400 2475 461 2539 sibi
483 2475 633 2559 subjectis
655 2497 694 2539 ex
716 2475 836 2540 hocin
861 2476 1008 2538 futurum
1033 2474 1244 2540 condonavit:
1281 2482 1313 2539 et

316 2579 423 2644 Caroli
452 2579 552 2641 Ducis
582 2579 710 2661 gloriosi
740 2579 805 2642 suis
840 2578 1060 2642 sacratissimis
1088 2578 1191 2643 literis
1223 2577 1313 2660 regni

315 2681 494 2745 munimine
510 2703 546 2744 ac
561 2682 738 2760 devotione,
755 2688 903 2745 sanetum
917 2681 1006 2746 hunc
1026 2681 1131 2746 virum
1153 2681 1313 2765 episcopa·

315 2793 369 2849 tus
383 2785 485 2868 gradu
499 2786 674 2868 pollentem
689 2785 883 2871 subjugavit.

315 3123 431 3187 Carur
445 3123 542 3187 VIII.
592 3123 746 3196 Quomodo
760 3124 862 3186 Roma
876 3123 1034 3186 discedens
1053 3120 1200 3186 Coretum
1214 3123 1311 3186 Fron

358 3248 461 3290 corum
484 3228 601 3291 Ducem
625 3227 714 3305 odiit,
738 3232 769 3289 et
794 3227 871 3308 qnid
891 3228 926 3290 ia
948 3226 1067 3305 Hessir,
1090 3246 1128 3288 oc
1146 3232 1260 3308 posteo
1280 3227 1313 3288 in

361 3332 530 3414 lborinpia
545 3332 747 3413 predicando
768 3331 880 3413 effecit.
924 3330 978 3394 De
999 3330 1143 3413 tyrannis
1157 3336 1187 3393 et
1205 3331 1311 3412 depra-

357 3442 431 3498 vato
445 3436 592 3516 relipr‘oue
611 3437 645 3498 io
664 3436 770 3498 eadem
786 3435 961 3516 provincia.
1005 3436 1055 3498 De
1069 3434 1191 3497 naumis
1204 3434 1312 3498 doum

357 3540 487 3601 Romam
501 3539 612 3616 missis,
628 3545 658 3601 et
673 3538 789 3602 duolio
802 3537 964 3620 edificatis
978 3537 1214 3601 monasteriolis.

358 3742 394 3805 Is
410 3748 517 3805 antem
533 3742 612 3804 dum
625 3762 682 3825 per
692 3743 805 3825 longos
814 3740 938 3804 viarum
949 3741 1121 3819 anfractus,
1130 3737 1311 3824 ingentium

314 3847 505 3931 populorum
525 3846 642 3909 adisset
664 3847 812 3924 confinia,
832 3845 900 3930 jam
922 3844 1052 3929 quidem
1078 3843 1120 3908 ad
1144 3843 1311 3928 praefatum

315 3951 512 4013 Francorum
527 3949 709 4031 Principem
724 3949 822 4027 venit,
838 3955 871 4011 et
892 3944 1118 4011 venerabiliter
1137 3945 1178 4009 ab
1193 3967 1232 4011 eo
1246 3966 1312 4009 sns-

314 4061 425 4138 ceptus
444 4054 553 4116 literas
568 4053 712 4136 praedicti
723 4053 863 4116 Romani
875 4049 1049 4128 Pontificis,
1066 4049 1214 4132 sedisque
1228 4049 1311 4133 Apo-

314 4158 433 4222 stolicae
455 4156 569 4221 Carolo
592 4156 666 4219 duci
688 4156 815 4234 detulit,
832 4156 965 4238 ejusque
987 4152 1130 4217 dominio
1150 4174 1188 4216 ac
1207 4158 1310 4236 patro-

313 4261 397 4324 cinio
413 4258 587 4342 subjectus,
600 4258 641 4321 ad
656 4257 799 4322 obsessas
814 4264 911 4320 antea
923 4257 1102 4320 Hessornm
1116 4262 1231 4334 metas,
1240 4276 1312 4319 cum

312 4385 470 4427 consensu
488 4362 594 4426 Caroli
609 4362 709 4425 Ducis
727 4360 839 4424 rediit:
866 4367 938 4424 tum
957 4380 1031 4422 vero
1048 4358 1230 4422 Hessorum
1245 4358 1312 4442 jam

313 4468 408 4531 multi
435 4466 608 4530 Catholicae
636 4465 712 4528 fidei
741 4463 932 4541 subditiuo
962 4462 1155 4546 septiformis
1185 4461 1312 4546 spiritns

313 4571 416 4653 gratia
430 4570 619 4649 confirmati,
637 4591 751 4633 manus
765 4567 1004 4651 impositionem
1020 4572 1223 4651 acceperunt.
1268 4564 1310 4628 Et
