3259 5467
380 695 442 760 138
538 714 707 760 nomnen
722 712 969 759 uacnmrrscorr
985 715 1025 760 nr
1041 714 1219 760 unaarum

381 862 481 946 patris
502 863 631 927 illorum
655 862 784 926 Satanae
807 860 942 945 Angelis
966 861 1089 946 agitati,
1112 862 1275 928 crudelius
1297 861 1381 927 savi-

380 972 482 1045 entes,
506 967 629 1050 majora
658 963 798 1029 convitia
819 963 856 1027 in
880 971 1029 1029 sanctum
1053 965 1117 1031 Dei
1139 965 1263 1051 injuste
1284 965 1383 1030 locuti

382 1076 468 1148 sunt,
492 1070 561 1154 pari
587 1067 822 1152 conspiratione
848 1067 890 1132 ad
915 1068 1148 1133 effundendum
1176 1071 1383 1134 innocentem

383 1174 574 1258 sanguinem
595 1180 836 1252 concurrerunt,
857 1171 1034 1257 dequibus
1057 1181 1207 1258 patenter
1229 1175 1384 1259 scriptum

383 1284 449 1342 est:
489 1278 690 1359 Sepulchrum
706 1282 823 1358 patens
845 1282 892 1340 est
912 1283 1023 1360 poitur
1047 1298 1162 1358 eorum,
1186 1279 1301 1362 linquis
1322 1279 1386 1342 suis

383 1381 486 1444 dolose
519 1381 661 1464 opedani,
693 1400 840 1443 omnum
874 1379 1015 1462 aspidum
1046 1380 1102 1445 sub
1140 1382 1234 1445 labiis
1272 1402 1384 1446 eorum

385 1484 565 1567 Sequitur·
612 1484 748 1556 morum
786 1503 820 1545 os
859 1485 1073 1548 maledictione
1110 1491 1141 1548 et
1178 1485 1386 1549 amaritudine

377 1590 505 1670 plenum
529 1592 584 1665 est,
610 1588 726 1649 veloces
748 1587 846 1667 pedes
874 1607 978 1650 eorum
1004 1588 1049 1650 ad
1071 1587 1288 1670 effundendum
1316 1609 1386 1651 suu·

381 1691 515 1774 puinem.

431 1793 545 1857 Stabat
566 1814 692 1876 quoque
710 1790 941 1857 invictissimus
961 1792 1084 1857 Christi
1103 1794 1234 1878 Martyr
1253 1793 1387 1858 Lirinus

385 1897 421 1962 in
441 1897 649 1975 orationibus,
672 1896 772 1960 oculis
793 1903 890 1981 atque
910 1896 1061 1961 manibus
1080 1897 1116 1960 in
1136 1897 1255 1961 coelum
1276 1898 1387 1976 affixis,

387 2013 420 2070 et
441 2004 548 2069 subito
569 2005 605 2068 in
627 2026 730 2088 agone
751 2003 856 2087 posito
878 2003 1026 2088 apparuit
1050 2003 1187 2088 Spiritus
1207 2011 1340 2069 sanctus
1353 2005 1389 2068 in

387 2108 490 2192 specie
514 2108 670 2173 columbae
695 2107 806 2185 niveae,
832 2112 864 2170 et
892 2105 1077 2171 suavissimo
1101 2127 1155 2171 ore
1179 2128 1239 2172 suc
1264 2108 1389 2172 stillans

385 2219 452 2277 tres
476 2213 620 2296 guttulas
644 2210 728 2276 rosei
754 2210 920 2293 sanguinis
943 2231 1039 2294 super
1063 2218 1160 2295 caput
1184 2211 1264 2295 ejus,
1289 2212 1387 2277 dixit:

387 2316 441 2380 Ne
463 2337 586 2399 paveas,
607 2315 777 2393 carissime,
794 2314 897 2398 janua
914 2313 988 2379 vitae
1007 2320 1118 2397 aperta
1137 2322 1186 2379 est
1208 2315 1288 2380 tibi:
1311 2317 1390 2381 hora

388 2426 438 2484 est
459 2427 498 2482 ut
519 2419 620 2482 intres
642 2419 677 2482 in
700 2417 855 2501 gaudium
877 2416 1010 2482 Domini
1030 2417 1091 2482 tui.
1138 2418 1200 2482 His
1223 2419 1319 2484 dictis
1340 2427 1389 2484 ter

388 2522 627 2587 circumvolavit
642 2543 727 2600 eum,
743 2528 776 2585 et
790 2522 881 2606 lapsa
893 2528 941 2585 est
955 2521 992 2584 in
1006 2522 1133 2586 coelum.
1173 2522 1314 2588 Sanctus
1329 2524 1390 2588 Dei

389 2626 540 2691 Pontifex
564 2626 600 2689 in
625 2625 824 2689 orationibus
849 2624 1033 2708 vigilantius
1059 2625 1234 2710 perstabat,
1259 2633 1293 2692 et
1319 2648 1390 2693 ecce

389 2750 475 2792 unus
490 2751 530 2793 ex
545 2728 706 2813 discipulis
726 2728 792 2792 suis
811 2728 943 2793 nomine
962 2728 1125 2793 Foillanus
1140 2729 1221 2794 dixit
1240 2730 1282 2794 ad
1297 2752 1389 2795 eum:

390 2833 497 2912 Pater,
509 2832 603 2897 audio
615 2832 784 2915 strepitum
797 2854 969 2912 armorum,
979 2853 1234 2918 concursumque
1243 2835 1391 2918 peditum

389 2936 586 3020 appropiare.
631 2936 783 2999 Necdum
802 2936 930 2999 finierat
950 2935 1045 3015 dicta,
1061 2941 1094 3000 ct
1112 2956 1186 3001 ecce
1199 2937 1259 3001 filii
1273 2937 1389 3023 iniqui·

389 3040 466 3106 tatis
490 3046 743 3123 supervenerunt
770 3039 957 3103 Walbertus
981 3044 1014 3103 et
1039 3039 1140 3104 frater
1164 3039 1234 3126 ejus
1260 3041 1391 3106 Meniao

388 3143 581 3208 rabidissimi
603 3164 698 3207 canes
720 3164 795 3207 cum
818 3143 883 3207 suia
908 3142 1110 3222 satellitibus,
1134 3150 1167 3208 et
1188 3143 1391 3210 minantibus

390 3249 489 3312 oculis
503 3247 685 3311 fremebant
703 3246 740 3310 in
760 3253 909 3311 sanctum
928 3246 991 3312 Dei
1010 3247 1202 3331 Martyrem.
1249 3236 1316 3312 Sed
1329 3249 1391 3313 for·

389 3351 533 3414 tissimus
549 3351 672 3414 athleta
683 3349 804 3414 Christi
818 3371 1006 3434 progressus
1018 3357 1204 3415 constanter
1215 3350 1297 3415 dixit
1310 3351 1390 3415 illis:

394 3452 481 3518 Quid
495 3453 620 3533 venitis,
631 3453 769 3517 fratres?
794 3454 830 3517 Si
843 3454 980 3538 poenitet
994 3475 1050 3518 vos
1064 3454 1128 3518 huo
1142 3475 1246 3538 usqne
1261 3468 1390 3533 errasse,

392 3565 425 3620 et
444 3556 571 3620 veniam
591 3557 742 3640 quaeritis,
761 3557 918 3641 propitius
939 3564 988 3622 est
1008 3558 1097 3622 Deus
1118 3557 1242 3642 aperire
1258 3544 1392 3643 januam

390 3659 614 3725 misericordie
629 3682 695 3725 suae
713 3660 766 3744 pie
785 3660 998 3744 pulsantibus,
1015 3661 1184 3744 sicutipse
1202 3660 1267 3726 ait:
1290 3662 1392 3726 Petite

391 3768 423 3826 et
437 3763 563 3826 dabitur
576 3760 671 3840 vodis,
687 3765 813 3846 querite
828 3769 859 3827 et
872 3764 1042 3842 invenietis,
1052 3765 1177 3846 pulsate
1191 3769 1223 3827 et
1237 3765 1393 3846 aperietur

391 3866 486 3930 vobis.
541 3866 666 3931 Videns
689 3874 798 3931 autem
821 3866 937 3930 beatus
959 3866 1080 3930 Christi
1104 3867 1235 3952 Martyr
1259 3867 1392 3932 Lirinus

392 3989 447 4034 eos
462 3970 603 4034 coelestia
621 3970 746 4035 monita
765 3975 884 4034 caecata
902 3976 1013 4034 mente
1032 3969 1210 4055 percepisse
1229 3970 1295 4051 ait3
1317 3972 1392 4035 Fra-

391 4079 469 4152 tres,
486 4074 629 4157 cognovi,
646 4074 721 4158 quia
739 4073 921 4139 interficere
940 4095 993 4138 me
1014 4072 1164 4157 quaeritis,
1184 4072 1242 4138 sed
1264 4094 1392 4139 securus

393 4177 434 4241 de
453 4177 516 4240 Dei
534 4177 751 4241 misericordia
772 4198 854 4255 sum,
870 4176 925 4260 qui
948 4177 1035 4241 dicit.
1080 4176 1188 4240 Nolite
1205 4177 1315 4241 timm
1333 4197 1392 4256 eos,

392 4282 445 4362 qui
460 4282 602 4344 comdant
617 4301 736 4363 empus,
753 4282 888 4343 animam
908 4286 1010 4344 autem
1024 4301 1085 4344 aaa
1097 4286 1231 4362 possunt
1245 4281 1392 4360 occidere,

392 4384 449 4446 sed
465 4385 574 4465 potius
598 4405 666 4448 eum
691 4386 804 4462 timete,
824 4385 877 4466 qui
893 4390 998 4466 potest
1021 4389 1052 4447 et
1075 4385 1211 4447 animum
1231 4391 1264 4448 et
1286 4404 1394 4468 corpus

387 4487 520 4567 perdere
541 4490 574 4548 iu
589 4490 770 4567 petenham.
814 4488 914 4551 Nunc
934 4488 1143 4571 temporalem
1163 4494 1302 4552 mortem
1316 4487 1392 4552 irro-

395 4589 510 4670 gabitis
525 4590 614 4668 mihi,
630 4591 686 4654 sed
701 4591 789 4654 nasci
804 4590 927 4655 coelesti
947 4591 1070 4655 lumine
1088 4590 1251 4676 incipiam,
1266 4598 1307 4656 nt
1321 4612 1393 4656 cum
