3259 5467
615 695 768 740 Auernus
785 694 1012 739 wicmannum
1250 674 1313 736 161

314 835 345 900 Ο
364 834 538 919 spiritualis
560 843 688 920 proreta
710 834 833 920 agonis,
849 857 909 919 ego
930 836 1018 900 enim
1040 856 1060 898 a
1080 834 1175 899 beato
1197 843 1316 900 sanctae

311 939 544 1003 recordationis
575 939 730 1022 Gregorio
763 941 860 1021 Papa,
893 938 1093 1002 Germanicis
1125 937 1315 1001 mandatum

315 1045 469 1126 gentibus
484 1043 595 1122 detuli,
611 1065 670 1125 ego
684 1044 878 1126 Apostolicae
893 1043 976 1106 sedis
990 1043 1151 1124 legatione
1166 1043 1315 1124 fungens,

315 1147 357 1211 ad
384 1147 596 1211 occidentales
621 1145 832 1210 barbarorum
858 1147 1004 1228 regiones
1034 1151 1148 1228 sponte
1173 1151 1238 1209 tuae
1264 1167 1316 1210 me

316 1250 459 1314 dominio
485 1249 729 1333 gubernationis
758 1248 895 1333 injunxi,
922 1256 955 1312 et
980 1248 1115 1332 propriae
1143 1249 1317 1313 voluntatis

315 1353 460 1432 arbitrio,
494 1354 665 1436 ignorante
703 1351 919 1416 Dominorum
952 1351 1129 1415 sublimatu
1162 1353 1315 1436 copulavi.

317 1457 468 1522 Quorum
482 1477 584 1539 usque
598 1456 633 1518 in
647 1454 841 1519 hodiernum
856 1454 942 1518 diem
960 1454 1138 1538 sponsionis
1153 1462 1227 1520 voto
1241 1477 1316 1520 con-

316 1560 448 1624 strictus
464 1581 535 1622 sum
551 1559 707 1637 servituti,
720 1566 817 1642 atque
833 1558 1006 1642 subjectus.
1030 1558 1235 1643 Quapropter
1249 1560 1317 1623 sine

316 1663 511 1746 Apostolica
526 1662 609 1726 sedis
625 1663 784 1741 consultu,
804 1669 837 1726 et
852 1662 1046 1726 authenticae
1060 1662 1212 1746 jussionis
1227 1686 1318 1727 man-

318 1767 406 1844 dato,
420 1772 488 1830 tam
507 1766 666 1849 praeclurae
686 1766 892 1830 sublimitatis
913 1765 1058 1830 ordinem
1078 1758 1237 1849 suscipere
1252 1789 1318 1831 non

318 1871 433 1934 audeo.
479 1870 543 1934 Sed
558 1877 590 1933 et
606 1870 669 1933 alia
684 1890 809 1952 quoque
824 1869 1007 1933 rationabili
1021 1869 1185 1952 petitionis
1201 1871 1319 1953 suppli·

319 1973 446 2037 catione
461 1971 558 2036 verba
571 1972 762 2054 proferebat,
779 1972 907 2036 dicens:
931 1970 1073 2035 Obsecro
1090 1972 1199 2054 igitur,
1215 1979 1252 2036 ut
1267 1994 1319 2037 me

318 2075 455 2159 propriae
471 2076 650 2158 sponsionis
665 2076 809 2139 vinctum
824 2075 956 2153 eatenis,
968 2074 1009 2138 ad
1023 2074 1091 2154 has,
1107 2075 1148 2139 ad
1164 2097 1241 2158 quas
1256 2076 1320 2159 pri·

319 2179 420 2243 mitus
441 2201 461 2243 a
480 2179 555 2243 sede
573 2180 759 2263 Apostolica
778 2179 893 2243 missus
914 2201 996 2257 sum,
1011 2185 1112 2242 terras
1130 2178 1321 2245 destinando

321 2282 450 2365 dirigas.
495 2283 558 2346 Cui
571 2283 718 2367 protinus
732 2283 782 2346 vir
796 2283 859 2347 Dei
879 2282 989 2346 audita
1003 2289 1103 2346 tantae
1118 2282 1322 2366 professionis

321 2407 427 2464 causa,
452 2386 528 2450 data
548 2387 578 2450 ei
608 2386 841 2466 benedictione,
870 2386 1035 2451 licentiam
1058 2386 1148 2452 dedit
1171 2386 1320 2451 abeundi.

323 2489 389 2554 Qui
412 2489 509 2553 etiam
532 2489 640 2552 statim
665 2490 878 2572 proficiscens,
900 2491 1046 2572 pervenit
1068 2490 1110 2554 ad
1131 2491 1248 2570 locum,
1270 2491 1323 2555 cui

321 2613 442 2656 nomen
462 2591 649 2656 inscribitur
668 2591 897 2675 Ameneburg:
918 2594 1013 2676 juxta
1031 2593 1223 2678 Apostolum
1243 2616 1322 2658 enu-

322 2696 420 2760 tritus
443 2695 548 2760 verbis
571 2696 647 2760 fidei
672 2704 705 2760 et
730 2695 825 2761 bonae
850 2696 1012 2777 doetrinae,
1038 2719 1133 2783 quam
1159 2707 1322 2763 assecutus

323 2805 382 2863 est.

325 3137 442 3200 Carus
464 3136 543 3200 VII.
592 3137 745 3210 meodo
772 3137 930 3200 Saxonum
956 3143 986 3200 et
1007 3139 1175 3201 Hectorem
1193 3141 1325 3220 populos

369 3242 527 3317 concutit,
558 3246 588 3303 et
617 3241 655 3303 de
683 3241 781 3323 gestis
808 3241 874 3303 suis
902 3241 1042 3303 nautium
1071 3242 1201 3304 Romam
1231 3243 1324 3320 misit,

371 3344 531 3426 eodemque
545 3365 617 3407 mcc
632 3351 773 3408 evocatus
788 3365 856 3407 cum
871 3346 963 3430 Papa
978 3346 1143 3409 collocutus
1157 3352 1212 3409 eat.

372 3530 445 3593 Pan
460 3530 602 3614 singulos
617 3530 705 3595 enim
724 3553 744 3594 a
763 3531 917 3616 prooemio
939 3533 1066 3614 gradus,
1082 3532 1209 3598 virtutis
1230 3533 1325 3598 docu-

327 3641 448 3711 menta,
464 3641 496 3697 et
513 3633 631 3697 laboris
650 3634 687 3697 in
706 3634 848 3699 Domino
867 3636 1092 3716 constantiam,
1107 3637 1204 3722 hujus
1224 3637 1327 3702 saneti

327 3739 388 3802 viri
416 3737 679 3821 perstrinximus:
716 3745 754 3801 ut
789 3738 958 3821 sequentia
991 3739 1141 3804 subtilius
1168 3740 1328 3806 bonorum

326 3843 398 3926 ejus
413 3840 565 3924 exempla,
581 3839 797 3923 conglobatim
813 3841 853 3904 ad
868 3841 1055 3906 memoriam
1070 3863 1263 3907 revocemus.

373 3944 520 4027 Cumque
541 3944 707 4026 ingentem
729 3942 871 4009 Domino
893 3946 1048 4030 populum
1074 3945 1109 4009 in
1135 3946 1328 4010 Ilresonibus

328 4047 517 4131 acquireret,
533 4048 690 4131 multique
705 4047 745 4111 ab
761 4068 799 4112 eo
820 4047 978 4131 spirituali
997 4048 1143 4112 doctrina
1157 4048 1272 4126 edocti,
1287 4050 1329 4114 ad

329 4150 529 4234 agnitionem
542 4150 685 4214 veritatis
704 4150 932 4215 irradiantibus
952 4173 1034 4216 verae
1051 4151 1132 4216 lucis
1146 4151 1243 4216 radiis
1258 4174 1328 4238 per-

329 4254 495 4318 venirent:
517 4263 598 4318 tunc
618 4254 734 4338 quippe
753 4256 895 4320 Domino
914 4254 1136 4339 patrocinante
1156 4255 1233 4319 alias
1250 4257 1331 4344 Ger-¹

331 4358 457 4435 maniae,
477 4357 670 4440 praedicandi
691 4379 796 4438 causa,
817 4368 924 4442 partes
946 4359 1035 4438 adiit,
1056 4365 1089 4423 et
1110 4359 1329 4443 supradictum

331 4462 448 4539 locum,
464 4462 515 4525 cui
531 4460 652 4542 gemini
665 4470 824 4545 praeerant
839 4462 994 4546 germani,
1004 4461 1121 4526 Detdic
1135 4462 1281 4527 videlieet
1296 4471 1329 4528 et

333 4565 505 4645 Deorwnlf,
517 4564 657 4629 Domino
667 4565 841 4630 auxiliante
853 4566 1007 4631 obtinuit:
1020 4588 1136 4650 cosque
1148 4590 1167 4632 a
1178 4567 1330 4652 sacrilega
