3259 5467
314 667 378 731 1⁷0
673 686 755 731 v1rs
773 684 951 730 eonrrscn

312 826 475 911 religionis
498 824 690 890 Christianae
711 825 939 890 confirmatum
958 827 1007 888 est
1028 826 1272 904 testamentum,
1287 828 1317 888 et

314 930 565 996 orthodoxorum
579 935 709 1013 patrum
724 927 890 1012 synodalia
900 934 978 992 sunt
989 926 1025 992 in
1034 927 1169 992 Roneis
1180 934 1320 992 correcta

318 1033 505 1110 constituta,
522 1039 702 1114 cunctaque
717 1052 879 1108 canonum
894 1029 1087 1096 auctoritate
1102 1030 1276 1096 emendata
1289 1035 1320 1094 et

318 1136 462 1220 expiata:
485 1142 519 1199 et
534 1141 602 1200 tam
616 1134 772 1198 laicorum
790 1133 915 1217 injusta
928 1131 1184 1198 concubinarum
1200 1133 1320 1218 copula,

315 1237 435 1322 partim
450 1236 640 1301 exhortante
655 1243 767 1300 sancto
786 1236 854 1300 viro
872 1241 1019 1319 separata
1035 1242 1095 1315 est,
1111 1257 1212 1319 quam
1227 1235 1322 1300 etiem

316 1340 504 1406 clericorum
529 1338 670 1402 nefanda
694 1360 770 1403 cum
792 1337 946 1403 uxoribus
969 1337 1156 1422 conjunctio
1179 1338 1324 1424 sejuncta

318 1465 356 1508 ac
378 1449 562 1527 segregata:
585 1447 762 1525 tantusque
782 1441 819 1504 in
841 1441 1034 1526 supradictis
1054 1440 1192 1506 ducibus
1211 1440 1325 1506 divine

320 1547 463 1613 caritatis
482 1565 539 1628 per
559 1544 740 1608 doctrinam
762 1543 875 1610 Sancti
895 1543 1055 1609 Bonifeoii
1076 1544 1183 1610 fervor
1198 1544 1324 1622 exarsit,

321 1657 359 1714 ut
388 1648 515 1733 plebem
546 1646 675 1731 quidem
705 1669 725 1711 a
752 1668 902 1731 perversa
930 1646 1053 1713 inolitae
1082 1646 1325 1712 consuetudinis

321 1773 457 1817 censura
485 1751 627 1814 multum
663 1750 857 1816 liberarent:
895 1772 959 1834 qua
998 1750 1127 1834 proprio
1163 1750 1326 1834 implicata

320 1857 462 1934 arbitrio,
472 1863 505 1920 et
516 1854 742 1920 haereticorum
754 1854 888 1940 decepta
897 1855 1114 1938 suggestione,
1126 1855 1183 1939 jus
1197 1863 1326 1920 aeternae

321 1959 519 2025 baereditatis
534 1958 693 2023 andserat.
737 1957 830 2023 Adeo
848 1958 936 2023 enim
956 1958 1130 2043 spiritualis
1151 1958 1188 2022 in
1209 1957 1326 2042 populo

322 2062 476 2128 doctrinae
497 2062 602 2127 lucem
623 2061 850 2126 hereticorum
872 2061 1082 2126 suffocaverat
1104 2067 1203 2141 secta,
1224 2066 1262 2124 ut
1280 2066 1326 2125 te·

324 2165 461 2230 nebrosa
489 2164 648 2230 baereticae
677 2164 875 2248 deceptionis
904 2165 1018 2248 caligo,
1044 2185 1198 2248 magnam
1226 2163 1327 2248 plebis

322 2265 481 2332 obtexerit
504 2273 650 2350 partem:
674 2287 713 2329 ex
734 2264 852 2348 quibus
874 2264 1006 2348 quidem
1026 2265 1183 2355 Eldebert
1202 2271 1238 2331 et
1258 2265 1326 2330 Ole-

323 2390 416 2433 mens
431 2391 451 2432 a
465 2368 515 2431 via
529 2369 672 2432 veritatis
687 2369 854 2452 populum,
866 2368 1002 2452 prolana
1014 2368 1228 2453 pecuniarum
1241 2368 1327 2452 cupi-

324 2470 426 2534 ditate
448 2470 581 2548 seducti,
593 2471 666 2554 jugi
688 2478 874 2536 everterunt
896 2470 1014 2536 studio.
1060 2471 1126 2536 Sed
1144 2492 1165 2534 a
1181 2472 1214 2536 S.
1231 2471 1327 2536 Boni-

324 2572 406 2636 facio
435 2571 691 2656 Arohiepiscopo,
722 2573 1000 2638 consentientibus
1031 2573 1270 2639 carolomanno
1297 2579 1329 2637 et

324 2675 442 2758 Pipino
466 2673 610 2757 gloriosis
637 2676 783 2756 ducibuS,
809 2675 851 2740 ab
875 2677 1016 2743 ecclesiae
1039 2677 1168 2742 unitate
1197 2675 1328 2761 expulsi,

322 2778 417 2862 juxta
427 2777 620 2861 Apostolum
632 2779 744 2843 traditi
755 2785 832 2844 sunt
844 2779 973 2844 Satanae
983 2780 1019 2844 in
1028 2778 1201 2845 interitum
1212 2779 1328 2845 carnis:

327 2888 365 2947 ut
380 2880 511 2964 spiritus
527 2881 631 2945 solvus
646 2883 704 2946 fiet
718 2881 753 2945 in
769 2882 822 2946 die
838 2882 969 2947 domini.

328 3110 443 3174 Cruor
458 3110 499 3174 X.
549 3110 703 3182 Quomodo
726 3111 899 3192 Spondolici
911 3113 991 3194 jora
1012 3112 1047 3174 io
1063 3112 1203 3205 Francia
1222 3113 1331 3194 sepias

370 3215 526 3278 celebrans
539 3213 574 3277 io
588 3215 728 3276 Frisium
736 3214 968 3296 medeatur-us
976 3216 1130 3297 perreait,
1146 3222 1178 3280 et
1191 3215 1237 3279 ibi
1251 3236 1331 3280 mor·

372 3317 527 3398 tyrizctus
541 3322 597 3380 est.

373 3501 681 3566 Couvnnrnnrreos
702 3504 739 3568 in
758 3525 862 3568 unum
881 3505 1047 3590 Episcopis
1069 3511 1103 3569 et
1123 3504 1331 3591 Presbyteris,

329 3603 517 3669 diaconibus
539 3611 636 3687 atque
659 3607 790 3686 clericis,
806 3606 960 3693 omnique
982 3607 1086 3691 gradu
1107 3608 1332 3687 ecclesiastico,

329 3728 409 3790 quos
423 3707 553 3792 inclytae
567 3709 796 3775 recordationis
811 3710 1066 3776 carolomannus
1086 3710 1153 3776 dux
1167 3711 1230 3777 sub
1244 3709 1333 3795 regni

329 3810 380 3874 sui
393 3810 528 3894 imperio
539 3833 699 3878 accersere
713 3812 800 3893 lecit,
811 3813 965 3897 quintum
978 3813 1133 3899 synodale
1146 3813 1272 3880 fuctum
1286 3818 1333 3879 est

331 3915 521 3980 concilium:
551 3915 586 3979 in
609 3938 673 4002 quo
696 3916 882 3982 Bonifaoius
903 3916 1170 4003 Arcbiepisoopus
1194 3917 1334 4002 Mogun·

329 4018 408 4083 tinae
437 4019 584 4098 civitatis,
609 4020 680 4104 ipso
710 4019 947 4085 Carolomanno
970 4020 1194 4085 consentiente
1217 4041 1257 4086 ac
1281 4020 1334 4085 do·

331 4129 442 4201 nante,
453 4145 473 4186 a
481 4122 638 4188 Pontifice
652 4124 788 4206 legatus,
801 4130 940 4208 quatuor
949 4123 1101 4208 primitus
1111 4123 1336 4209 principalium

331 4224 527 4308 synodorum
565 4247 738 4290 numerosa
774 4248 937 4291 canonum
973 4225 1161 4307 constituta,
1196 4226 1337 4313 primum

332 4327 449 4390 missus
474 4349 494 4390 a
519 4328 552 4391 S.
577 4336 611 4393 et
640 4329 814 4394 venerabili
845 4331 928 4396 sedis
957 4329 1152 4415 Apostolicae
1180 4329 1337 4396 Pontificc

334 4429 491 4514 Gregorio
513 4432 642 4514 juniore
665 4433 808 4516 aprime
835 4432 986 4513 secundo,
1009 4440 1043 4498 et
1068 4434 1227 4521 Gregorio
1250 4456 1271 4498 a
1291 4453 1337 4497 se·

333 4533 440 4597 cundo
462 4533 600 4616 juniore,
628 4536 830 4620 comprimo
855 4537 962 4616 tertio,
988 4536 1056 4603 viro
1079 4536 1272 4617 honorabili,
1298 4535 1338 4602 ob
