3259 5467
313 695 378 757 260
572 713 670 757 acan
687 713 727 755 nn
743 712 860 754 vania
877 711 1070 755 anemonas.

357 861 482 924 XXIV.
505 861 555 924 De
565 879 691 944 payauo
706 879 808 936 mrsu,
822 878 910 941 quem
929 858 1021 921 Yrias
1031 860 1195 923 aamiaaut
1210 861 1324 938 scissis,

308 965 425 1045 pacuis
460 965 509 1026 uel
541 963 677 1045 calceis]
727 962 890 1026 Eccardus
917 983 1014 1045 snpra
1040 962 1160 1026 allatus
1182 963 1325 1027 restitnit

313 1089 422 1133 vocem
438 1067 532 1131 Yrias
551 1067 587 1130 in
604 1065 730 1150 Scyrias
746 1066 830 1149 quod
848 1066 935 1130 idem
951 1066 994 1130 sit
1014 1088 1052 1130 ac
1069 1066 1143 1151 Scy,
1161 1067 1237 1146 Seu,
1254 1068 1325 1146 rias,

313 1173 385 1249 riss,
401 1171 514 1234 calceis
533 1169 647 1233 scissis.
693 1170 815 1233 Cursus
836 1169 897 1233 iste
917 1192 1063 1253 paganus
1082 1170 1189 1234 scissis
1210 1171 1322 1234 calcus

313 1277 382 1335 crat
397 1269 547 1334 solemnis
562 1270 598 1332 in
608 1268 765 1332 Kalendis
777 1271 798 1332 J
800 1269 960 1348 anuariis3
984 1292 1061 1333 nam
1079 1271 1112 1332 S.
1130 1270 1319 1334 Bonifacius

311 1374 491 1438 camillam
511 1373 547 1435 in
568 1394 651 1436 nova
672 1372 808 1435 Francia
830 1372 984 1455 abrogare
998 1372 1104 1451 vellet,
1122 1374 1319 1437 affirmarant

313 1478 495 1541 Francones
520 1496 632 1539 recens
663 1475 704 1538 ad
735 1475 832 1538 fidem
859 1475 1075 1539 Christianam
1106 1477 1271 1540 conversi:
1292 1498 1324 1540 se

312 1581 426 1644 uidisse
445 1580 536 1643 aunis
552 1579 683 1660 aucillis
701 1579 735 1640 iu
749 1580 892 1641 Romana
912 1578 987 1641 urbe
1005 1584 1035 1641 et
1048 1580 1148 1660 juata
1164 1580 1321 1642 ecelesiam

314 1683 348 1747 S.
379 1683 469 1746 Petri
498 1683 531 1745 iu
560 1682 611 1744 die
639 1683 688 1744 uel
715 1687 811 1758 stacte,
844 1681 966 1763 quaudo
988 1681 1139 1743 Kuleudoe
1165 1681 1321 1758 Jaauaiii,

306 1806 504 1868 payauaium
533 1784 748 1847 cousuetudine
778 1785 888 1846 cboras
921 1784 1031 1847 ducere
1053 1804 1116 1864 per
1139 1786 1271 1864 plateas
1294 1791 1323 1847 et

314 1890 551 1953 acclamationes
561 1889 626 1951 ritu
637 1889 800 1969 acutulum
815 1892 846 1950 et
860 1891 1050 1950 caulutz‘aaes
1060 1888 1235 1968 sumileyas
1247 1889 1320 1950 cele-

314 1994 405 2057 brare
434 1998 464 2055 et
493 2011 613 2054 mensas
641 1992 697 2052 illa
722 1991 772 2053 die
797 1991 847 2053 uel
868 1996 956 2053 nocte
979 1990 1111 2072 dapibus
1134 2010 1267 2053 merare
1293 1996 1322 2052 el

313 2098 429 2160 nullum
444 2096 482 2157 de
497 2095 584 2158 damu
598 2114 656 2157 suu
670 2094 719 2156 uel
732 2094 834 2174 ianam
847 2094 897 2156 uel
902 2092 1130 2174 ferramentum
1139 2095 1189 2156 ael
1204 2094 1324 2175 aliquid

313 2200 463 2264 commodi
477 2199 577 2260 meina
593 2218 648 2260 sua
656 2203 811 2278 prestare
833 2197 919 2259 aelle.
965 2197 1019 2259 Ita
1038 2195 1074 2258 in
1096 2217 1145 2279 ep.
1163 2196 1321 2262 Bonifacii

315 2303 356 2368 ad
385 2301 572 2366 Zachariam
610 2300 812 2363 Pontificem.
873 2298 1048 2387 Faustinus
1078 2299 1258 2382 Episcopus
1287 2300 1321 2361 in

314 2428 408 2470 serm.
440 2406 480 2469 de
511 2404 667 2467 Kalendis
698 2402 862 2466 Januariis
892 2401 1045 2465 distincte
1074 2402 1207 2485 exponit
1235 2403 1321 2466 hunc

313 2530 513 2592 paganorum
545 2508 669 2570 ritum:
706 2507 746 2568 Ia
776 2507 856 2583 istis,
886 2504 1046 2588 inquiens,
1077 2505 1186 2568 diebus
1216 2507 1319 2569 miseri

313 2612 458 2687 homiues,
488 2615 518 2672 el
543 2609 626 2693 quod
640 2610 733 2689 pey'us
755 2614 810 2686 est,
832 2614 862 2671 et
888 2608 987 2693 aliqm
1009 2606 1173 2688 baptizati,
1196 2614 1318 2671 sumuat

305 2714 430 2797 farmus
452 2712 619 2789 adulteras,
634 2717 757 2774 sumunt
777 2712 894 2792 species
915 2716 1135 2788 monstruosas,
1157 2712 1191 2774 ia
1212 2711 1320 2794 quibus

314 2817 444 2900 quidem,
472 2836 537 2898 qua
559 2816 698 2896 puimum
728 2815 861 2876 ridenda
885 2820 940 2877 aut
957 2815 1067 2894 polius
1094 2815 1227 2877 dolenda
1249 2816 1319 2892 siut,

313 2921 424 2983 nescio.
472 2920 548 2991 Quis
563 2920 643 2981 euim
656 2919 780 3000 sapiens
789 2918 914 2980 credere
922 2918 1188 2998 poteritiuueuire
1202 2919 1321 3000 aliquas

313 3044 396 3086 suaa
415 3024 534 3100 mentis,
550 3024 603 3105 qui
621 3023 774 3085 cuculum
786 3020 944 3102 facientes
962 3021 996 3083 iu
1008 3020 1155 3103 ferarum
1175 3041 1208 3083 se
1227 3023 1321 3084 uelint

314 3128 438 3190 babitus
460 3132 655 3189 commutare.
699 3125 771 3187 Alii
796 3125 969 3186 vestiuntur
988 3123 1123 3204 pellibus
1143 3124 1320 3204 pecudum·

314 3231 371 3292 alii
386 3231 550 3292 absumunt
565 3229 669 3310 capita
685 3228 851 3290 bestiarum
863 3227 1033 3308 gaudentes
1048 3233 1078 3290 et
1093 3228 1278 3305 exsultantes,
1293 3227 1320 3289 si

315 3335 421 3397 taliter
437 3354 470 3396 se
487 3333 654 3413 inferimus
671 3332 787 3411 species
807 3330 1106 3412 transformamini,
1128 3336 1164 3392 ul
1184 3332 1320 3394 homiues

314 3456 379 3500 esse
397 3457 457 3498 aaa
476 3437 649 3512 uideuatur,
670 3455 710 3498 eu
729 3455 787 3515 qua
806 3434 948 3497 indicaui
968 3439 998 3496 et
1010 3433 1159 3515 probant,
1175 3454 1237 3496 aaa
1257 3439 1318 3497 lma

313 3560 346 3602 se
360 3540 555 3601 babitumuel
566 3539 665 3600 msam
679 3539 799 3614 babere,
812 3557 904 3619 quam
918 3556 1049 3600 sensum.
1079 3536 1164 3598 Nam
1181 3537 1320 3618 mmmuis

313 3642 531 3704 siuaililudiues
564 3641 753 3703 diversorum
790 3641 971 3702 amimalium
1007 3639 1181 3720 eupiimere
1215 3640 1251 3702 ia
1286 3660 1318 3702 se

313 3744 432 3820 uellent,
449 3749 565 3806 certum
585 3748 630 3805 est
646 3749 758 3820 tamea,
774 3744 808 3805 iu
825 3743 874 3804 bis
889 3741 988 3823 maqis
1006 3761 1059 3803 aar
1067 3742 1220 3822 pecudum
1245 3763 1318 3821 esse,

314 3867 405 3930 quam
412 3847 545 3927 formas.
590 3847 664 3910 Jam
682 3867 753 3909 uero
768 3846 850 3908 illud
869 3847 959 3927 quale
975 3845 1025 3908 uel
1043 3865 1135 3926 quum
1155 3851 1246 3926 turpe
1263 3852 1318 3924 est,

314 3951 397 4032 quod
409 3953 471 4014 uim
485 3953 553 4013 auti
568 3951 682 4013 tunicis
696 3948 895 4012 muliebribus
907 3949 1080 4011 vestiuntur
1094 3953 1124 4012 et
1139 3950 1319 4030 turpissima

314 4056 519 4118 demutatione
535 4054 730 4135 puellaribus
746 4052 863 4135 fiyuris
888 4053 978 4115 uirile
1003 4052 1098 4115 robur
1119 4053 1317 4135 effoeuaiuunt‚

314 4179 375 4221 aaa
404 4158 611 4221 smabeseeates
639 4159 774 4219 inserere
805 4157 919 4218 tunicis
945 4155 1143 4218 muliebribus
1165 4157 1319 4219 militares

314 4261 453 4323 lacertas.
499 4261 658 4322 Barbatus
680 4260 784 4340 facies
807 4280 877 4341 pra
906 4279 939 4321 se
960 4257 1071 4340 ferum
1099 4264 1131 4321 et
1158 4259 1261 4322 uideri
1288 4279 1321 4321 se

306 4363 583 4445 semimasculum,
614 4370 648 4426 ut
669 4364 777 4425 merito
799 4363 920 4424 ciuilem
931 4364 1004 4443 jam
1017 4360 1241 4442 fortitudinem
1259 4384 1320 4425 aaa

315 4469 457 4546 babeant,
474 4470 574 4550 quiin
593 4469 754 4531 muliebres
768 4466 892 4529 babitus
908 4467 1099 4529 transierunt
1108 4493 1119 4539 ‚·
1132 4467 1224 4548 justo
1240 4469 1319 4530 euim

305 4572 429 4652 judicia
443 4572 560 4633 venisse
575 4572 757 4634 credendum
771 4576 826 4648 est,
837 4576 871 4632 ut
886 4571 1053 4632 militarem
1067 4570 1216 4635 virtulem
1231 4572 1320 4634 amil-
