3259 5467
322 652 388 713 204
578 669 671 712 noun
687 664 861 714 ervum
877 670 1072 716 nuomouns.

322 811 413 874 dulos
427 816 458 873 et
473 829 533 874 oon
549 815 614 873 tom
622 809 752 889 pulcros
766 809 897 888 codices
913 829 1005 891 qnam
1018 811 1207 875 emendatos.
1239 813 1327 877 Idem

320 913 357 977 in
371 914 501 996 epistola
521 913 566 975 od
577 912 790 988 Eustochium,
805 910 995 992 imittuntur,
1010 912 1128 996 inquit,
1264 937 1328 980 anae

320 1018 422 1080 colore
444 1034 613 1097 purpureo,
644 1035 755 1077 aurum
784 1015 926 1096 liquescit
954 1016 989 1078 io
1018 1018 1150 1081 litteras.
1246 1019 1327 1082 dioes

320 1118 479 1203 ejusmodi
499 1119 564 1182 duo
586 1111 794 1201 epistolarum
820 1124 855 1182 et
878 1118 1118 1202 evangeliorum
1139 1140 1208 1185 aevo
1231 1122 1327 1186 Fran-

320 1221 460 1285 eieorum
486 1221 725 1304 Imperatorum
751 1221 874 1284 exarati
900 1229 1105 1286 asservantur
1127 1222 1164 1286 in
1188 1225 1328 1288 Eoolesia

320 1323 583 1388 Wormotiensi.'’
598 1323 672 1401 W.;
695 1323 717 1386 l.
733 1325 765 1386 9.
781 1322 1008 1408 Eobem-—per
1023 1325 1150 1391 nobam
1166 1327 1195 1390 P
1208 1358 1242 1388 =

363 1428 424 1511 Ep.
440 1430 493 1506 20,
508 1449 539 1510 p.
561 1429 614 1504 53,
629 1427 651 1489 l.
667 1429 721 1490 25.
741 1426 1113 1493 Hildelida-Hebelida
1133 1431 1261 1515 W.=p.
1277 1433 1326 1509 56,

319 1532 341 1594 l.
364 1534 406 1593 18
429 1537 618 1614 erumpente
641 1535 728 1593 terro
749 1528 902 1593 terribilis
924 1531 1063 1596 flemmoe
1084 1532 1326 1615 ignes—erom-

319 1641 417 1717 pente
436 1639 521 1697 tetra
537 1631 690 1696 terribilis
709 1631 841 1695 flammo.
860 1632 946 1715 ignis
966 1634 1003 1697 P.
1019 1655 1063 1698 en
1082 1635 1264 1717 legendum·
1279 1643 1326 1700 est

318 1742 524 1819 erumpentes
543 1735 594 1799 vel
615 1734 864 1818 erumpentem?
879 1760 913 1789 =
930 1758 961 1820 p.
982 1739 1036 1815 st,
1058 1737 1080 1800 l.
1104 1740 1146 1801 13
1167 1739 1269 1802 veluti
1287 1739 1325 1803 ud

319 1860 436 1922 genua,
458 1838 604 1922 quaedom
621 1859 724 1920 usque
742 1837 786 1900 ed
799 1858 888 1920 genu
905 1839 1068 1903 medium:
1091 1841 1241 1924 quaedem
1255 1863 1326 1906 vero

318 1964 420 2025 usque
436 1942 477 2005 ad
491 1941 622 2005 ssoellss
637 1942 690 2003 W.
709 1968 736 1995 =
753 1941 776 2003 l.
792 1943 846 2004 22.
863 1942 1227 2028 splendoris-stuporis
1241 1945 1322 2009 W.=

317 2066 349 2128 p.
365 2046 418 2123 60,
433 2045 456 2107 l.
472 2047 494 2107 8
508 2044 596 2127 prius
611 2049 804 2127 ea-postee
818 2043 884 2106 P=

361 2148 422 2231 Ep.
438 2150 491 2225 21,
508 2169 538 2230 p.
555 2147 609 2224 61,
624 2146 645 2208 l.
665 2147 684 2208 5
702 2145 949 2229 Leobgithe—“
961 2147 1108 2211 Primum
1126 2148 1323 2233 Truthgeba,

318 2251 394 2314 dein
413 2250 605 2334 cognomine
620 2249 788 2334 Ireobgyto
807 2256 842 2313 et
858 2256 1024 2315 oontrnote
1039 2251 1142 2316 Libba
1160 2253 1212 2316 vel
1227 2252 1325 2316 Lieba

317 2353 405 2418 dieta
418 2354 488 2431 fuit,
504 2360 541 2417 ut
563 2359 703 2416 testetur
722 2352 788 2416 vita
809 2351 912 2436 ipsius
932 2375 952 2417 a
972 2353 1146 2438 Rudolpho
1167 2355 1324 2420 moneebo

318 2456 472 2520 Fuldensi
502 2456 617 2520 saeoulo
646 2476 734 2519 nono
760 2476 799 2519 ex
826 2462 965 2538 quatuor
988 2456 1220 2541 discipulamm
1246 2459 1322 2542 ejus,

316 2559 456 2641 Agathae
474 2558 622 2622 videlicet
647 2565 681 2622 et
706 2559 810 2623 'Peelae
833 2559 996 2642 (junioris)
1017 2561 1124 2624 Nonne
1147 2567 1181 2625 et
1203 2562 1323 2626 Eolibae

316 2661 404 2724 fideli
417 2661 573 2724 relatione
588 2662 779 2745 conscripto.
811 2662 910 2725 Pater
926 2663 995 2746 ejus
1010 2663 1128 2727 Diemo
1142 2664 1194 2728 vel
1208 2665 1321 2742 Tinne,

316 2770 420 2827 mater
434 2785 508 2827 vero
523 2762 617 2827 Ebba
630 2763 703 2826 fuit.
749 2764 834 2828 Cum
848 2765 946 2828 unios
960 2773 1043 2830 esset
1057 2775 1232 2849 potentum
1247 2767 1320 2845 filia,

315 2887 335 2930 a
356 2866 476 2930 teneris
494 2867 565 2930 Deo
585 2873 770 2930 consecrata
788 2874 822 2931 et
839 2867 943 2931 'Pettee
962 2868 1144 2934 Abbatissae
1163 2870 1320 2934 Winbur-

314 2969 422 3033 nensis
449 2969 624 3053 disciplinae
647 2969 777 3033 subdita
806 2977 867 3033 est.
913 2971 1099 3036 Bonifatius
1128 2972 1252 3056 aliquot
1277 2973 1317 3036 ud

315 3094 386 3138 eam
401 3073 490 3138 dedit
505 3072 664 3156 epistolas.
710 3072 786 3155 Ipse
799 3093 875 3137 vero
896 3074 1038 3157 primum
1058 3075 1100 3138 ad
1114 3076 1318 3140 Bonifnoium

314 3176 476 3261 scripsisse
490 3176 617 3240 videtur
636 3175 721 3238 banc
736 3176 915 3258 epistolam,
931 3198 996 3260 que
1016 3177 1064 3240 illi
1078 3185 1205 3262 patrem
1225 3199 1318 3242 suum

314 3281 418 3343 'Pinne
434 3279 638 3344 commendat
653 3285 730 3342 ante
745 3298 848 3343 annos
864 3287 937 3344 octo
952 3280 1154 3360 defunctum,
1169 3288 1319 3346 matrem·

314 3404 378 3466 que
397 3383 524 3446 Ebbam
551 3381 657 3446 adbuc
677 3381 902 3464 superstitem,
917 3403 989 3466 qnae
1012 3383 1084 3462 tibi,
1105 3384 1226 3468 inquit,
1247 3404 1319 3448 eon-

314 3484 542 3567 sanguinitotis
563 3484 698 3548 nexibus
718 3484 920 3568 copulatur.''
936 3487 980 3551 W
990 3511 1001 3564 ,·
1023 3508 1055 3570 p.
1078 3488 1170 3565 62,1.
1190 3490 1223 3551 9.
1238 3486 1319 3551 Ille-

314 3589 473 3652 sum—In
488 3590 509 3651 J
510 3610 568 3651 esu
582 3589 618 3652 P.

358 3692 418 3774 Ep.
442 3694 494 3768 24,
516 3714 547 3774 p.
567 3692 620 3769 64,
641 3691 662 3754 l.
681 3694 724 3754 32
745 3690 875 3774 Nubat]
925 3693 1090 3757 “Nubere
1114 3693 1162 3756 nit
1182 3692 1318 3770 Nonius,

313 3801 429 3858 veteres
443 3816 504 3858 ooo
517 3796 614 3857 solun
628 3796 779 3872 mulieres,
794 3795 852 3858 sed
864 3795 958 3858 etiam
972 3797 1057 3860 viros
1070 3796 1225 3860 dicebant.
1257 3793 1319 3858 Sed

314 3899 417 3982 major
435 3897 489 3962 bie
508 3898 548 3962 de
565 3919 610 3977 re,
627 3919 723 3980 quam
746 3897 786 3961 de
801 3897 898 3962 verbo
917 3898 1098 3978 difficultas,
1112 3920 1190 3964 cum
1211 3899 1319 3963 matri·

314 4002 416 4066 monii
434 4000 626 4065 dissolvendi
642 3999 790 4064 videatur
812 4001 918 4065 faeere
943 4002 1093 4066 Pontifex
1114 4008 1317 4085 potestatem,

315 4105 457 4188 Ideoque
471 4104 568 4168 verbe
586 4104 649 4166 ista
663 4124 737 4166 cum
755 4103 886 4168 citasset
902 4104 1078 4169 Gmtisnus
1096 4125 1124 4169 e.
1141 4106 1228 4189 quod
1248 4124 1318 4190 pro·

307 4208 459 4291 posuisti.
480 4210 533 4270 32.
553 4229 582 4289 q.
603 4210 631 4271 7.
652 4207 746 4283 Illud,
767 4207 823 4285 ait,
845 4209 990 4290 Gregorii
1012 4209 1121 4272 sion
1143 4208 1318 4285 ommibus,

315 4313 376 4374 imo
395 4311 591 4393 Evangelicae
608 4315 639 4372 et
653 4311 840 4390 Apostolus
860 4311 1008 4374 doctrine
1018 4312 1147 4394 punitus
1165 4311 1319 4376 invenitur

312 4417 485 4479 adversum.
532 4413 597 4476 Sed
625 4419 712 4476 recte
740 4413 862 4477 ibidem
892 4415 997 4498 glossa
1025 4414 1148 4498 objicit,
1173 4413 1320 4500 Gregorii

312 4518 448 4601 junioris
473 4517 600 4580 decreta
621 4537 678 4598 per
696 4516 838 4579 Leonem
861 4516 922 4580 IV.
946 4517 1123 4602 approbate
1142 4539 1261 4584 essee.
1281 4518 1320 4581 de
