3259 5467
404 686 466 750 156
763 707 844 751 vrrs
863 707 1041 751 aomrncn

399 871 490 912 mum
504 846 622 912 mentis
642 853 789 930 arreptus
804 853 854 911 est
875 868 1021 926 moerore,
1037 855 1071 913 et
1092 849 1218 915 recenti
1237 872 1404 936 oppressus

399 950 498 1014 animi
515 949 656 1028 tristitia,
673 949 750 1012 dum
773 949 886 1013 senilia
901 951 971 1035 jam
988 951 1136 1034 magistri
1155 953 1306 1018 membra
1319 955 1405 1019 infir-

398 1053 480 1116 mari
504 1052 711 1136 conspiceret,
737 1059 982 1136 extremumque
1008 1061 1136 1118 astante
1165 1055 1403 1121 Monachornm

399 1155 657 1239 congregatione,
672 1155 780 1219 obitus
800 1155 850 1218 sui
865 1155 959 1234 diem,
975 1156 1139 1239 languoris
1161 1159 1403 1225 convalescente

397 1260 623 1337 immensitate,
656 1257 822 1337 vibrando,
857 1259 1106 1343 palpitandoque
1142 1260 1335 1327 imminere:
1371 1271 1403 1327 ct

396 1363 528 1427 tandem
550 1361 694 1445 deposito
716 1361 856 1445 corporis
875 1363 1048 1445 ergastulo,
1071 1363 1131 1428 sub
1153 1363 1242 1429 tristi
1264 1388 1402 1431 moeren-

396 1466 479 1529 tium
494 1473 625 1549 aspectu
639 1465 786 1543 fratrum,
802 1464 956 1529 ultimum
971 1465 1078 1530 efflare
1094 1465 1253 1550 Spiritum
1270 1469 1400 1534 videret.

396 1569 482 1635 Quia
510 1569 546 1632 in
575 1575 760 1631 sanctorum
784 1568 970 1650 frequenter
996 1569 1145 1634 cordibus
1171 1573 1400 1656 compassionis

395 1672 573 1757 specialiter
601 1671 774 1735 condolens
802 1671 940 1756 refulget
969 1671 1080 1755 pietas,
1108 1695 1173 1756 qua
1201 1675 1244 1738 ad
1272 1681 1400 1759 tempus

396 1776 507 1840 sedulo
521 1775 626 1839 solent
640 1775 833 1853 contristari,
844 1775 901 1838 sed
909 1776 1095 1859 Apostolico
1105 1775 1307 1843 inhaerentes
1320 1801 1399 1862 prae-

394 1885 487 1963 cepto
501 1879 536 1942 in
551 1878 691 1944 Domino
702 1877 825 1960 jugiter
843 1879 1069 1942 consolantur:
1089 1879 1158 1962 jam
1171 1879 1293 1946 blande
1308 1873 1399 1947 ador-

396 2004 449 2046 sus
472 1989 521 2046 est
542 1981 667 2060 fratres,
691 1987 723 2044 et
753 1980 972 2064 spiritualibus
995 2002 1049 2046 eos
1078 1982 1254 2066 colloquiis,
1277 2007 1400 2051 memor
1457 2047 1460 2052 .

394 2093 537 2169 paternae
553 2083 744 2162 traditionis,
765 2083 924 2163 hortatur,
945 2091 984 2149 ut
1003 2085 1159 2168 regularis
1177 2087 1304 2171 jugiter
1325 2111 1398 2154 oon-

394 2188 571 2254 stitutionis
585 2187 731 2265 formam,
742 2194 775 2251 et
789 2187 1021 2255 Ecclesiasticus
1037 2188 1236 2254 diffinitionis
1251 2213 1397 2258 normam

394 2292 429 2355 in
451 2289 600 2356 omnibus
619 2298 853 2369 conservarent,
874 2299 907 2355 et
930 2305 967 2355 ut
988 2292 1088 2375 patris
1111 2293 1286 2378 cujuslibet
1309 2296 1397 2380 spiri·

393 2395 490 2458 tualis
505 2415 539 2458 se
557 2393 792 2478 subjungerent
811 2395 957 2477 imperio,
970 2395 1134 2460 instruxit.
1179 2396 1272 2462 'lunc
1286 2419 1397 2463 omnes

393 2496 590 2560 unanimiter
604 2497 752 2561 consonis
766 2496 932 2562 instabant
948 2498 1088 2578 vocibus,
1100 2507 1133 2563 et
1149 2507 1299 2564 sanctum
1310 2501 1397 2566 hunc

392 2601 506 2679 virum,
531 2600 586 2683 qui
609 2600 663 2664 illo
687 2601 855 2674 dicebatur
876 2601 912 2665 in
941 2608 1086 2685 tempore
1107 2603 1261 2684 Winfrid,
1288 2605 1396 2669 cuncti

391 2703 604 2787 precabantur
623 2712 661 2768 ut
682 2703 841 2787 pastorale
863 2727 958 2788 super
984 2727 1037 2770 eos
1058 2705 1198 2772 Abbatis
1220 2709 1395 2793 susciperet

391 2807 621 2891 magisterium.
666 2807 733 2872 Sed
760 2808 909 2872 refutatis
939 2831 1013 2873 mox
1036 2809 1148 2893 patria
1176 2810 1393 2890 facultatibus,

391 2917 424 2974 et
453 2909 593 2993 primatu
626 2910 792 2992 regiminis
827 2911 962 2996 abjecto,
993 2911 1035 2976 ad
1071 2912 1303 2995 praedestinata
1328 2915 1393 2999 jam

390 3020 557 3097 promptus
573 3035 609 3077 ac
624 3020 765 3098 paratus,
782 3013 892 3078 solerti
907 3035 1033 3078 secura
1047 3016 1227 3081 excusavit:
1251 3039 1393 3082 omnem·

390 3140 452 3202 que
466 3118 630 3182 haeredum
646 3117 860 3182 substantiam
877 3117 1066 3201 abnegando
1080 3119 1199 3184 renuit.

433 3222 516 3285 Cum
534 3243 610 3286 vero
631 3220 796 3285 hibernale
812 3221 881 3304 jam
899 3228 1027 3305 tempus
1047 3223 1234 3306 praeteriret,
1254 3230 1288 3288 et
1310 3224 1393 3288 calor

389 3324 510 3389 aestatis
530 3325 744 3402 candesceret,
753 3324 953 3408 pristinaque
967 3323 1105 3389 labentis
1117 3326 1218 3389 animi
1226 3348 1391 3392 renovare·

389 3437 444 3490 tur
463 3427 620 3492 intentio:
644 3427 733 3491 omni
755 3427 971 3492 sollicitudine
988 3429 1050 3492 iter
1071 3428 1226 3494 omissum
1246 3429 1391 3495 iterando

388 3551 541 3593 renovare
556 3530 690 3594 studuit.
734 3531 827 3596 'lunc
841 3531 958 3595 litteris
973 3532 1070 3595 etiam
1086 3532 1359 3599 commendatitiis
1373 3556 1391 3597 a

387 3632 490 3697 beatae
506 3633 666 3697 memoria
673 3634 810 3698 Daniele
826 3635 1024 3718 speculatore
1038 3634 1140 3719 plebis
1155 3635 1227 3716 Dei,
1244 3637 1389 3721 acceptis,

388 3736 433 3798 od
447 3737 555 3799 limina
573 3737 790 3818 Apostolorum
807 3739 938 3801 Romam
961 3739 1069 3803 venire
1091 3739 1239 3803 tentavit.
1287 3740 1390 3806 Quem

387 3849 497 3903 tamen
523 3839 740 3904 resistentium
770 3841 958 3924 aliquandiu
978 3842 1125 3921 fratrum,
1150 3843 1265 3907 orbata
1287 3843 1390 3910 Patris

387 3944 552 4027 impedivit
575 3944 757 4023 necessitas,
783 3945 985 4028 charitasque
1015 3945 1207 4029 ejulantium
1237 3968 1276 4011 ae
1305 3968 1388 4011 com-

388 4048 493 4131 passio
507 4047 677 4130 utrobique
687 4047 866 4111 dolentium
881 4048 922 4111 ad
930 4056 1058 4133 tempus
1073 4048 1269 4114 obsistebat:
1292 4049 1339 4113 ita
1352 4057 1388 4113 ut

387 4174 507 4236 magno
526 4152 653 4236 quidem
673 4151 791 4214 mentis
813 4173 933 4233 angore
954 4159 1164 4236 premeretur,
1182 4159 1224 4217 et'
1237 4152 1274 4217 in
1294 4174 1388 4236 quam

389 4279 423 4320 sc
438 4262 574 4321 verteret
596 4262 720 4338 partem
740 4253 914 4337 ignoraret.
959 4253 1131 4319 Metuebat
1149 4255 1237 4320 enim
1254 4278 1298 4321 ne
1313 4278 1388 4340 grex

389 4359 548 4442 Magistro
575 4357 771 4436 commissus,
796 4358 864 4441 jam
883 4358 952 4422 sine
975 4358 1138 4441 vigilantis
1161 4360 1299 4442 pastoris
1318 4380 1388 4425 cus⁴

389 4462 486 4540 todia,
508 4485 545 4526 eo
566 4462 750 4539 decedente,
772 4461 920 4544 luporum
942 4461 1102 4526 morsibus
1126 4464 1271 4545 pateret:
1294 4469 1328 4528 et
1350 4471 1388 4527 nt

389 4588 519 4650 peregre
548 4566 766 4650 proficiscendi
786 4566 973 4631 autumnale
995 4567 1057 4631 sibi
1079 4567 1229 4633 deficeret
1250 4575 1386 4653 tempus,
