3259 5467
539 718 621 761 vrrs
638 717 678 760 nr
694 718 904 762 nrnrrmuu
921 719 945 762 s.
965 719 1089 762 urvrur.
1256 704 1318 766 137

317 862 476 946 Martyris
498 868 547 926 est
569 867 757 944 prostratus,
776 869 809 925 et
832 860 977 944 sospitati
999 862 1153 926 redditus.
1198 865 1318 940 Beatus

318 987 460 1049 namque
484 966 635 1030 Pontifex
663 986 721 1048 pro
750 965 866 1028 divinis
891 965 1072 1045 virtutibus,
1099 967 1215 1050 quibus
1241 991 1318 1052 quo-

316 1069 398 1133 tidie
428 1070 583 1153 gloriosus
608 1068 712 1132 factus
736 1075 795 1146 est,
822 1068 932 1132 laudes
959 1070 1030 1132 Deo
1053 1070 1245 1136 decantabat
1268 1073 1318 1136 in-

318 1173 468 1251 defessas,
493 1180 526 1236 et
549 1179 619 1236 toto
645 1173 764 1236 affectu
787 1171 922 1250 studuit,
947 1194 1011 1255 quo
1032 1173 1094 1257 ipsi
1117 1175 1222 1240 hostia
1244 1198 1319 1240 cum

316 1276 426 1358 palma
449 1276 602 1360 Martyrii
627 1276 727 1354 fieret,
752 1297 810 1358 pro
837 1276 929 1358 cujus
954 1297 1062 1340 amore
1088 1285 1225 1342 mortem
1250 1279 1319 1363 pati

318 1379 513 1444 decreverat.

361 1483 447 1546 Cum
473 1491 582 1546 autem
610 1482 690 1546 hora
718 1481 987 1546 remunerationis
1014 1505 1081 1547 suae
1105 1484 1316 1568 appropiaret,

316 1588 490 1652 Dominica
503 1596 608 1667 nocte,
621 1588 749 1671 quando
764 1588 858 1652 solito
873 1610 961 1652 more
975 1588 1010 1651 in
1026 1589 1223 1654 orationibus
1238 1591 1316 1673 vigi-

315 1694 409 1772 laret,
431 1693 578 1777 apparuit
602 1693 631 1757 ei
656 1693 816 1756 Dominus
840 1693 934 1756 Jesus
959 1693 1105 1756 Christus
1128 1715 1202 1768 cum
1225 1694 1317 1759 disci-

315 1797 401 1881 pulis
417 1797 493 1875 suis,
509 1797 720 1860 circmnfusus
740 1797 813 1859 luce
827 1818 955 1879 magna,
972 1796 1116 1882 dixitque
1131 1799 1178 1861 ei:
1203 1798 1317 1863 Gaude

316 1900 434 1964 dilecte
451 1900 506 1978 mi,
522 1906 708 1964 constanter
728 1920 869 1983 operare,
890 1899 986 1962 hodie
1007 1899 1091 1963 circa
1110 1899 1223 1963 horam
1248 1921 1318 1964 sex-¹

315 2009 396 2080 tam,
411 2002 561 2085 recipiam
582 2009 616 2066 te
635 2002 671 2065 in
685 2023 822 2085 regnum
838 2023 957 2078 meum,
973 2009 1006 2064 et
1022 2001 1175 2084 gaudebis
1189 2024 1317 2066 mecum

316 2127 443 2188 semper
464 2127 538 2169 omn
563 2104 716 2168 fratribus
741 2105 807 2168 tuis
829 2105 865 2167 in
887 2112 1055 2168 aeternum.
1102 2104 1174 2168 Hac
1197 2105 1316 2170 visione

316 2207 486 2273 roboratus
506 2208 598 2272 miles
613 2207 744 2286 Christi,
760 2207 926 2290 sciensque
947 2207 1032 2270 diem
1049 2208 1316 2273 remunerationis

315 2333 383 2375 suae
411 2311 590 2390 imminere,
617 2332 711 2375 mane
741 2311 946 2375 illucescente
977 2312 1160 2375 convocavit
1188 2311 1315 2395 plebem

315 2414 469 2493 fidelium,
485 2414 541 2498 qui
559 2435 617 2497 per
637 2415 706 2498 ejus
727 2414 905 2478 doctrinam
927 2415 1004 2478 salvi
1022 2415 1100 2480 facti
1120 2423 1207 2494 sunt,
1223 2422 1260 2480 ut
1279 2417 1315 2481 in

314 2517 367 2580 via
385 2518 528 2582 veritatis
550 2518 769 2601 persisterent,
786 2518 964 2597 admonuit,
981 2527 1014 2582 et
1037 2541 1074 2583 ea
1096 2542 1167 2604 quae
1189 2519 1229 2584 ad
1244 2542 1315 2605 reg·

312 2643 395 2684 num
411 2622 473 2685 Dei
487 2621 661 2705 pertinent,
677 2621 786 2685 docuit
801 2642 866 2685 eos.

318 2799 320 2802 Α
357 2725 402 2788 Et
427 2725 520 2788 finito
546 2746 692 2788 sermone
721 2724 885 2789 benedixit
908 2747 971 2804 eos,
995 2733 1028 2790 et
1051 2726 1182 2791 flectens
1208 2748 1315 2810 genua

313 2849 422 2892 coram
438 2827 493 2906 eis,
509 2828 627 2911 gratias
647 2827 805 2911 impendit
820 2849 878 2910 pro
893 2828 995 2892 officio
1013 2829 1233 2906 humanitatis,
1251 2853 1314 2913 quo

313 2952 388 2994 eum
409 2930 609 2995 devotissime
629 2938 842 3013 susceperant.
888 2931 979 2994 Dans
1001 2938 1111 2994 autern
1131 2932 1239 2995 oscula
1256 2954 1315 3016 per

313 3034 457 3117 singulos
472 3034 689 3118 lachrymatus
699 3042 759 3108 est,
772 3041 805 3098 et
820 3055 932 3098 omnes
947 3033 988 3098 ad
1002 3034 1071 3117 pias
1086 3035 1174 3098 flexit
1188 3035 1313 3120 lachry-

312 3159 393 3200 mas.
438 3138 482 3201 Et
505 3138 651 3201 salutatis
673 3136 824 3202 omnibus
846 3137 897 3221 pie
919 3137 956 3200 in
977 3137 1116 3214 Christo,
1131 3136 1238 3200 invitis
1257 3138 1312 3217 eis,

314 3241 477 3320 abscessit,
494 3249 527 3306 et
545 3243 641 3326 coepit
663 3243 743 3306 velle
764 3243 850 3306 viam
873 3264 964 3305 suam
986 3242 1123 3324 dirigere
1142 3242 1179 3304 in
1197 3241 1313 3321 vicum,

313 3346 370 3428 qui
389 3346 495 3409 Escha
513 3353 655 3424 vocatur,
676 3366 750 3409 curn
774 3345 937 3429 discipulis
958 3345 1033 3423 suis,
1051 3352 1089 3408 ut
1110 3345 1231 3409 civibus
1249 3345 1314 3410 illis
1421 3358 1423 3363 ⁴

313 3449 523 3513 annuntiaret
541 3470 679 3532 regnum
693 3448 765 3526 Dei,
782 3448 809 3511 si
828 3449 912 3512 forte
931 3449 981 3512 vel
1000 3447 1046 3512 ibi
1066 3456 1314 3531 consequeretur

310 3551 554 3636 promissionem
575 3553 706 3617 Christi.
752 3553 994 3636 Comperientes
1014 3553 1084 3616 haec
1104 3552 1168 3616 duo
1187 3552 1312 3632 fratres,

311 3655 498 3720 Walbertus
524 3663 557 3720 et
584 3657 725 3736 Menizo,
752 3657 892 3720 ministri
922 3656 1051 3736 diaboli,
1078 3656 1153 3740 quia
1178 3656 1313 3722 dilectus

311 3760 376 3824 Dei
396 3760 517 3824 amicus
538 3761 724 3838 discederet,
740 3760 888 3825 arbitrati
908 3767 984 3824 sunt
1005 3781 1081 3824 eum
1100 3761 1210 3843 fugam
1230 3760 1312 3826 inire

312 3871 346 3928 et
370 3864 570 3947 conglobatis
594 3865 839 3928 commilitaneis
863 3865 939 3944 suis,
956 3864 1084 3929 feritate
1107 3864 1169 3928 illis
1192 3865 1312 3930 similes

310 3968 423 4032 fellino
449 3968 544 4032 corde
569 3968 783 4033 eructuabant
809 3969 877 4032 haec
898 3967 1009 4033 feralia
1030 3967 1126 4032 verba
1150 3966 1311 4032 dicentes:

311 4073 558 4155 Blasphemator
570 4072 625 4136 ille
639 4072 851 4156 prophanavit
865 4073 971 4155 legem
985 4078 1139 4149 nostram,
1155 4071 1311 4154 populum

311 4175 451 4254 seduxit,
467 4175 522 4238 sed
540 4175 643 4239 sciens
663 4196 751 4238 nunc
771 4175 935 4239 maleficiis
956 4174 1022 4237 suis
1036 4195 1103 4236 non
1118 4193 1210 4256 posse
1225 4173 1311 4256 apud

310 4301 371 4344 nos
386 4279 523 4362 amplius
538 4281 699 4363 proficere,
715 4279 798 4342 clam
818 4279 910 4342 nobis
931 4277 1019 4341 abire
1035 4275 1201 4360 disposuit.
1248 4275 1312 4340 Sed

312 4406 380 4448 non
395 4382 442 4446 ita
456 4383 628 4467 injuriatus
643 4383 822 4466 emigrabit.
870 4383 1050 4465 Sequamur
1068 4401 1142 4443 eum
1156 4379 1310 4443 festinan·

311 4489 387 4565 tius,
402 4494 441 4550 ut
455 4487 661 4571 opprobrium
676 4495 823 4551 nostrum
837 4486 998 4550 vindicare
1013 4485 1184 4549 valeamus.
1215 4483 1310 4546 Com·

311 4591 409 4675 plices
439 4600 549 4656 autem
578 4612 698 4669 eorum,
728 4592 799 4654 Deo
832 4589 976 4669 odibiles,
1006 4589 1064 4652 filii
1093 4587 1309 4663 tenebrarum,

801 4715 824 4756 x
