3259 5467
575 722 586 755 -τ
598 714 638 757 ur
655 714 830 759 usnrrlus
847 716 1034 761 saumones.
1270 700 1315 762 99

676 1169 832 1235 SERMO
855 1170 956 1236 XIII.

404 1323 505 1394 anre
511 1321 635 1402 jejunio
650 1322 892 1404 quadrupeaimoe
905 1325 1005 1405 mopts
1020 1325 1093 1388 aliia
1098 1325 1229 1408 jejuniis
1308 1408 1311 1416 Δ

682 1427 857 1490 veomoadc
871 1427 943 1489 dat.

356 1579 537 1657 Danuuius,
552 1579 667 1644 fratres
686 1579 851 1659 carissimi,
868 1601 993 1666 semper
1011 1582 1047 1645 in
1067 1583 1316 1668 omnitempore

315 1703 376 1746 nos
409 1682 579 1747 humiliare
611 1688 645 1747 et
679 1683 795 1747 servire
828 1684 970 1749 Domino
1003 1685 1076 1750 Deo
1109 1692 1231 1764 nostro,
1261 1686 1318 1751 sed

313 1785 454 1848 maxime
467 1785 503 1848 in
517 1785 587 1848 istis
607 1786 727 1850 sanctis
745 1785 858 1850 diebus
879 1788 1141 1871 quadragesima.
1186 1788 1317 1853 Indicas

313 1909 388 1951 mus
401 1886 501 1967 vobis,
516 1887 642 1966 fratres,
658 1909 757 1971 quare
775 1889 839 1953 ista
858 1896 970 1954 sancta
987 1890 1112 1973 jejunia
1124 1890 1232 1973 'magis
1246 1891 1318 1954 aliis

308 1991 442 2074 jejuniis
465 2012 617 2056 venerare
641 1990 812 2056 debemus:
844 1993 918 2075 quia
944 1993 1120 2056 Redemtor
1140 1999 1252 2057 noster
1275 1993 1319 2058 ad

314 2093 462 2157 homines
477 2093 617 2173 veniens,
628 2093 787 2176 jejunavit
803 2094 1017 2178 quadraginta
1040 2095 1153 2158 diebus
1169 2101 1202 2159 et
1218 2095 1318 2178 quad÷

312 2195 442 2278 raginta
455 2195 615 2275 noctibus,
631 2202 664 2260 et
678 2197 807 2261 nullum
822 2198 955 2262 omnino
970 2196 1078 2262 eibum
1093 2198 1219 2262 sumsit.
1245 2199 1318 2266 Nos

313 2320 440 2382 quoque
461 2299 497 2362 in
519 2306 679 2382 quantum
700 2321 881 2383 possumus,
897 2321 973 2372 cum
994 2300 1058 2365 Dei
1080 2299 1240 2384 adjutorio
1259 2321 1318 2384 per

312 2399 544 2466 abstinentiam
558 2403 752 2466 mundemus
767 2425 827 2468 nos
848 2425 868 2468 a
886 2402 1170 2488 peccatisnostris.
1218 2403 1316 2471 Scitis

314 2505 390 2588 quia
415 2526 435 2568 a
458 2506 610 2589 praesenti
633 2506 685 2571 die
710 2528 813 2590 usque
844 2505 885 2571 ad
913 2507 1072 2591 paschalis
1102 2505 1318 2573 solemnitatis

313 2609 431 2693 gaudia
451 2630 506 2674 sex
527 2609 744 2674 hebdomades
765 2610 909 2690 veniunt,
926 2632 1063 2694 quarum
1082 2610 1230 2675 videlicet
1248 2609 1317 2674 dies

314 2712 528 2797 quadraginta
541 2718 575 2776 et
590 2713 654 2777 duo
669 2714 763 2791 fiunt,
779 2733 819 2777 ex
835 2712 951 2798 quibus
967 2715 1045 2779 dum
1060 2736 1116 2780 sex
1130 2713 1198 2778 dies
1214 2713 1316 2778 domi·

314 2816 380 2880 nici
395 2814 600 2879 abstinentiae
619 2814 866 2896 subtrahuntur,
882 2839 949 2881 non
971 2817 1044 2901 plus
1063 2817 1099 2880 in
1120 2815 1317 2881 abstinentia

314 2942 410 3003 quam
424 2919 571 2983 XXXVI
591 2918 659 2983 dies
676 2925 868 2984 remanent:
892 2921 971 2984 dum
990 2941 1065 2984 vero
1081 2940 1139 3003 per
1153 2925 1319 2984 trecentos

314 3030 347 3087 et
362 3023 529 3105 sexaginta
549 3022 615 3085 dies
636 3043 740 3086 annus
761 3022 900 3101 ducitur,
915 3044 975 3087 nos
993 3022 1081 3085 enim
1097 3043 1155 3106 per
1169 3022 1318 3088 XXXVI

314 3127 382 3191 dies
405 3125 585 3209 affligimur,
602 3126 693 3208 quasi
715 3126 793 3190 anni
814 3125 918 3189 nostri
941 3125 1080 3189 decimas
1102 3124 1173 3189 Deo
1191 3124 1318 3203 damus,

314 3236 352 3294 ut
379 3230 434 3313 qui
455 3229 616 3294 nobismet
642 3229 719 3313 ipsis
741 3250 799 3313 per
826 3235 995 3312 acceptum
1021 3247 1144 3291 annum
1169 3226 1320 3305 viximus,

315 3334 439 3398 auctori
452 3338 563 3397 nostro
577 3354 637 3397 nos
651 3331 687 3395 in
701 3332 771 3415 ejus
786 3332 918 3396 decimis
932 3351 990 3415 per
1000 3329 1230 3395 abstinentiam
1242 3328 1319 3393 sub-v

315 3438 438 3503 damus.
484 3435 591 3514 Unde,
609 3436 725 3500 fratres
751 3435 915 3515 carissimi,
938 3435 1021 3499 sicut
1046 3434 1160 3499 offerre
1185 3434 1221 3496 in
1245 3434 1319 3516 lege

311 3540 473 3624 jubemini
487 3540 625 3605 decimas
640 3561 748 3604 rerum
760 3565 767 3603 z
790 3540 838 3604 ita
852 3539 966 3605 offerre
981 3537 1169 3603 contendite
1184 3543 1217 3601 et
1232 3536 1319 3602 deci·¹
1443 3538 1448 3548 '

315 3667 385 3708 mas
401 3645 535 3709 dierum.
582 3644 812 3727 Unusquisque
828 3643 1034 3726 inquantum
1048 3642 1150 3706 virture
1165 3641 1321 3726 suppetit,

316 3769 446 3812 carnem
468 3752 619 3826 maceret,
645 3747 778 3830 ejusque
804 3746 962 3811 desideria
988 3746 1118 3829 affligat,
1145 3745 1221 3829 quia
1245 3765 1320 3810 caro
1420 3827 1424 3835 Ι

315 3872 374 3915 nos
389 3851 464 3915 laeta
482 3850 581 3914 traxit
603 3850 645 3915 ad
666 3849 803 3932 culpam,
820 3849 938 3914 afflicta
958 3848 1092 3913 reducat
1114 3848 1157 3912 ad
1177 3848 1317 3927 veniam,

315 3962 353 4019 ut
369 3955 424 4038 qui
438 3974 496 4038 per
509 3959 677 4038 peccatum
691 3952 874 4032 cecidimus,
890 3974 948 4037 per
961 3952 1089 4016 veniam
1102 3971 1321 4033 resurgamus,

316 4066 349 4124 et
372 4079 497 4142 semper
519 4057 606 4141 quod
626 4055 750 4121 bonum
771 4064 821 4121 est
842 4056 1018 4121 faciamus:
1046 4055 1123 4139 quia
1143 4054 1320 4138 Apostolus

317 4163 412 4227 dicit:
435 4162 640 4243 unusquisque
654 4161 861 4243 quodcumqae
882 4160 991 4223 bonam
1003 4157 1129 4240 feeerit,
1146 4158 1203 4220 boe
1215 4157 1321 4237 perci-

311 4267 380 4347 piet
394 4286 415 4328 α
429 4266 572 4328 Domino.
618 4263 726 4342 Unde,
741 4262 867 4342 fratres,
884 4262 1108 4346 quodcumque
1122 4258 1201 4324 boni
1215 4259 1322 4324 facere

316 4367 460 4451 potestis,
475 4367 570 4432 facite
585 4367 654 4432 sine
668 4366 810 4445 tristitia,
825 4366 901 4449 quia
916 4365 1072 4449 scriptum
1087 4368 1155 4428 est:
1178 4362 1322 4427 fflloreso

319 4473 398 4535 caim
413 4473 553 4534 datorem
568 4471 671 4553 dilipit
685 4472 785 4535 Deras
825 4469 962 4534 Student
976 4488 1051 4532 vero
1065 4466 1106 4531 ab
1122 4464 1210 4531 omni
1225 4484 1324 4547 opere

320 4577 404 4642 malo
419 4597 455 4642 se
467 4575 689 4660 unusquisque
704 4573 879 4654 continere,
896 4580 928 4639 et
943 4594 1010 4640 non
1030 4573 1135 4637 solum
1150 4593 1170 4637 a
1184 4568 1322 4637 fornica·
