3259 5467
317 682 381 745 104
554 729 556 738 .
587 695 765 740 acnrrscrr
782 688 1048 738 sucnrsrrscorr

314 843 457 908 animam
478 837 629 923 ponendo
651 843 790 901 mortem
813 836 977 915 sustinuit,
1000 835 1091 900 nulls
1116 836 1317 917 necessitate,

313 947 371 1011 sed
384 944 512 1029 propria
526 942 690 1006 voluntate
703 940 740 1004 in
754 941 901 1024 sepulcro
916 958 1046 1004 curnem
1061 942 1216 1024 reposuit,
1228 948 1263 1006 et
1278 941 1317 1006 ed

314 1049 443 1113 inferne
458 1044 632 1123 descendit,
649 1051 682 1108 et
706 1043 819 1110 mortis
836 1042 1016 1127 principem
1034 1044 1207 1127 colligavit,
1223 1045 1319 1110 idest

315 1150 491 1228 diabolum,
506 1153 612 1213 vectes
632 1147 751 1211 ferreos
771 1151 941 1230 porterum
957 1144 1077 1210 inferni
1096 1147 1268 1231 confregit,
1288 1156 1320 1212 et

315 1273 428 1318 omnes
453 1254 559 1337 justos
588 1249 664 1314 inde
694 1248 842 1333 eripiens,
872 1248 909 1313 in
937 1248 1121 1314 libertatem
1149 1249 1320 1333 pristinam

314 1355 484 1433 revocavit,
499 1373 735 1436 resurgensque
755 1372 775 1415 e
793 1357 909 1430 morte,
927 1352 1035 1416 lucem
1056 1351 1169 1417 salutis
1192 1359 1320 1417 aeternee

316 1458 410 1523 nobis
425 1458 460 1521 in
476 1477 511 1521 se
525 1456 732 1521 credentibus
747 1454 990 1520 demonstravit.

359 1565 392 1627 3.
416 1562 514 1626 Hanc
528 1558 771 1624 resurrectionis
785 1557 856 1644 ejus
876 1559 1011 1653 glpriam
1029 1578 1140 1624 annue
1153 1556 1320 1624 devotione

316 1670 507 1729 venerantes
530 1661 627 1726 hodie
646 1661 793 1727 colimus.
838 1659 1004 1727 Loetemur
1023 1681 1101 1746 ergo
1123 1662 1321 1734 dilectissimi

315 1773 350 1831 et
365 1767 546 1830 exultemus
560 1764 597 1828 in
610 1763 763 1843 Domino,
774 1763 851 1847 quie
864 1763 900 1828 in
914 1761 977 1828 ists
989 1771 1102 1829 sancta
1116 1764 1320 1829 solemnitate

318 1870 495 1935 Bedemtor
515 1873 626 1932 noster
646 1867 845 1950 resurgendo
868 1868 968 1932 vitem
989 1868 1084 1933 nobis
1104 1869 1321 1932 immortalem

316 1972 470 2051 ostendit,
485 1978 519 2036 ct
540 1991 599 2055 per
620 1992 713 2035 suum
734 1971 873 2054 gretiam
894 1971 1029 2036 denum
1048 1977 1107 2051 est,
1123 1971 1152 2036 si
1168 1972 1321 2036 nolumus

315 2075 548 2159 transmigrare
571 2073 613 2139 ed
635 2074 772 2139 virtutes
795 2095 815 2138 s
837 2075 932 2140 vitiis.
978 2075 1104 2140 Idcirco
1124 2075 1321 2140 mundemus

315 2202 377 2244 nos
391 2180 433 2244 eb
448 2178 538 2242 omni
552 2177 726 2261 iniquitate
741 2184 773 2242 et
788 2178 963 2243 serviamus
974 2176 1117 2244 Domino
1126 2177 1200 2244 Deo
1210 2185 1321 2244 nostro

317 2284 398 2347 Jesu
415 2281 567 2347 Christo:
590 2281 667 2364 quie
687 2281 742 2345 ille
762 2301 822 2365 pro
844 2282 937 2346 nobis
957 2300 1054 2346 suum
1074 2288 1227 2346 sunctum
1249 2302 1320 2347 sana

316 2385 452 2467 guinem
475 2384 571 2462 fudit,
597 2390 637 2447 nt
665 2404 725 2448 nos
749 2383 923 2450 redimeret
952 2385 993 2450 ab
1019 2385 1109 2450 omni
1137 2384 1341 2469 iniquitates

319 2488 399 2551 Ideo
414 2486 568 2551 debemus
583 2493 695 2551 sancte
705 2493 739 2550 et
750 2487 839 2571 juste
850 2494 884 2552 et
894 2487 947 2571 pie
956 2488 1062 2552 vivere
1072 2488 1108 2552 in
1118 2487 1181 2552 hoe
1193 2488 1320 2566 saeculo,

317 2596 353 2653 et
372 2589 455 2652 nihil
472 2596 549 2652 ante
570 2589 635 2653 Dei
656 2610 799 2654 amorem
820 2609 950 2674 ponere,
970 2590 1027 2674 qui
1049 2610 1109 2655 nos
1131 2589 1169 2654 in
1191 2596 1322 2655 tantum

317 2692 441 2770 dilexit,
465 2697 504 2755 ut
534 2713 592 2776 pro
620 2692 724 2772 nobis,
749 2693 833 2756 sieut
860 2692 1010 2772 diximum,
1034 2693 1102 2778 ipse
1129 2701 1321 2759 moreretur.

318 2795 428 2874 Nunc,
445 2794 562 2859 fratres
581 2794 747 2875 carissimi,
767 2796 838 2879 ejus
856 2796 1125 2860 resurrectionem
1142 2796 1321 2880 gaudenoes

318 2897 526 2977 celebremus,
548 2904 580 2962 et
600 2897 631 2963 ei
649 2919 731 2982 puro
754 2898 850 2963 corde
871 2905 906 2963 et
925 2906 1015 2964 custo
1034 2918 1176 2984 corpore,
1196 2906 1322 2966 nosmet

318 3003 404 3086 ipsos
426 3023 652 3087 praeparemus,
669 3008 708 3067 ut
724 3023 783 3087 per
800 3003 871 3068 hsec
889 3003 973 3068 festu
990 3003 1163 3088 paschalia,
1179 3019 1253 3088 quie
1270 3003 1321 3068 hic

317 3105 456 3189 agimus,
470 3106 638 3190 pervenire
653 3106 695 3171 ad
707 3106 850 3171 coelestia
867 3125 1059 3186 mercemur,
1074 3112 1109 3171 et
1130 3105 1177 3171 ibi
1196 3127 1322 3192 semper

319 3208 414 3274 beate
428 3209 533 3274 vivere
548 3231 624 3274 eum
639 3210 757 3274 sanctis
771 3209 896 3294 angelis
911 3215 945 3275 et
959 3229 1034 3275 cum
1048 3209 1201 3276 omnibus
1213 3211 1321 3295 justis,

318 3313 487 3396 sicutipse
501 3314 661 3377 Dominus
675 3312 774 3379 dixit:
800 3316 886 3378 lunc
898 3315 982 3398 justi
994 3313 1162 3398 fulgebunt
1177 3315 1261 3379 siem
1278 3316 1324 3379 sol

318 3416 354 3479 is
366 3437 461 3498 regno
474 3417 583 3497 putris
599 3437 715 3482 eurum.
758 3417 812 3482 Ad
826 3416 916 3482 illum
930 3424 1088 3484 eternum
1100 3417 1251 3483 ltetitium
1265 3436 1322 3483 nos

319 3516 494 3599 perducere
524 3517 686 3601 dignetur,
717 3521 772 3604 qui
804 3543 864 3587 nos
900 3522 1019 3587 creavit
1048 3521 1145 3586 lesus
1174 3521 1322 3587 Christus

319 3619 481 3684 Dominus
511 3628 630 3702 noster,
660 3624 718 3706 qui
745 3633 861 3709 regnat
890 3643 965 3692 eum
995 3624 1100 3691 Patre
1126 3625 1163 3690 in
1195 3626 1322 3690 unitate

321 3721 580 3807 Spiritus-sancti
610 3727 700 3792 Deus
731 3750 788 3813 per
823 3729 947 3794 omnia¹
968 3729 1086 3796 secula
1121 3729 1320 3796 seculorum.

316 3828 440 3898 ames
