3259 5467
489 711 530 756 nr
547 714 720 757 nanrvnrs
736 713 923 758 suanonns.
1168 697 1211 757 89

600 1163 756 1228 SERMO
779 1164 820 1228 Χ.

204 1337 255 1401 De
269 1335 483 1398 incarnatione
497 1334 574 1396 Fron·
588 1332 649 1397 Dei
664 1341 695 1398 et
715 1335 842 1397 hnmani
859 1335 983 1416 pencris
1004 1336 1216 1416 reparatione.v

252 1505 283 1566 1.
307 1503 456 1566 Prunnn
479 1502 684 1584 omnipotens
706 1502 796 1566 Deus
818 1500 984 1566 hominem
1006 1501 1042 1566 in
1063 1502 1212 1586 paradiso

205 1606 249 1670 ad
264 1627 356 1670 suam
372 1605 548 1688 imaginem
563 1612 596 1668 et
611 1604 855 1669 similitudinem
866 1605 994 1683 creavit,
1010 1612 1042 1669 et
1054 1612 1213 1670 aeternum
1233 1636 1238 1649 ·

206 1730 283 1772 eum
299 1730 368 1772 esse
382 1709 503 1786 voluit,
527 1707 583 1771 sed
597 1715 768 1791 postquam
779 1708 819 1773 de
830 1705 969 1793 paradisi
981 1708 1105 1792 gaudiis
1116 1710 1213 1793 culpa
1268 1726 1270 1731 ·

207 1812 359 1895 exigente
374 1812 520 1895 repulsus
536 1818 596 1891 est,
611 1810 734 1895 primus
749 1812 885 1875 humani
899 1812 1027 1896 generis
1042 1834 1168 1895 parens,
1179 1820 1212 1877 et

207 1914 243 1977 in
258 1914 354 1999 hujus
369 1915 455 1978 exilii
471 1921 568 1998 atque
588 1914 740 1978 coecitatis
756 1935 854 1997 quam
872 1914 1015 1998 patimur
1034 1936 1212 1978 aerumnam

207 2017 307 2081 venit.
352 2018 428 2081 Jam
447 2016 503 2081 illa
522 2016 660 2081 coelestis
681 2017 794 2101 patriae
814 2017 932 2101 gaudia
947 2039 1019 2100 quae
1033 2016 1122 2100 prius
1137 2038 1213 2082 con-

206 2120 426 2204 templabatur
450 2120 559 2184 videre
584 2143 652 2184 non
677 2121 794 2204 potuit.
847 2121 890 2183 In
919 2119 1066 2204 paradiso
1095 2120 1213 2203 quippe

207 2225 306 2288 homo
328 2230 509 2288 assueverat
531 2223 636 2288 verbis
658 2223 722 2287 Dei
744 2223 875 2307 perfrui,
891 2223 1061 2287 beatorum
1083 2223 1213 2306 angelo-

207 2347 283 2390 rum
305 2327 471 2410 spiritibus
494 2326 597 2391 cordis
621 2327 784 2391 munditia
807 2334 841 2390 et
866 2326 1056 2391 celsitudine
1081 2325 1212 2390 visionis

207 2431 373 2494 iuteresse.
422 2432 491 2494 Has
510 2437 620 2494 autem
637 2430 734 2494 homo
756 2430 884 2495 delicias
904 2438 985 2494 tunc
1004 2429 1120 2508 amisit,
1137 2450 1212 2493 cum

207 2533 243 2597 in
269 2533 416 2617 paradiso
446 2533 599 2617 peccavit.
644 2530 823 2617 Postquam
851 2533 916 2597 huc
945 2533 1059 2598 cecidit
1088 2532 1212 2616 primus

208 2637 315 2715 homo,
345 2636 387 2701 ab
417 2635 472 2700 illo
502 2635 590 2721 quod
624 2636 905 2720 contemplabatur
936 2636 1055 2700 mentis
1087 2635 1212 2700 lumine

208 2738 348 2818 secessit,
375 2759 415 2803 ex
440 2740 531 2823 cujus
556 2738 704 2803 videlicet
734 2761 830 2804 carne
855 2761 916 2804 nos
941 2740 977 2803 in
1002 2739 1099 2823 hujus
1125 2738 1212 2802 exilii

207 2843 352 2907 caecitate
381 2843 461 2920 nati,
491 2840 672 2906 audivimus
701 2842 832 2926 quidem
862 2864 931 2907 esse
965 2843 1127 2907 coelestem
1156 2863 1212 2925 pa-

208 2946 324 3024 triam3
362 2945 542 3010 audivimus
573 2945 643 3027 ejus
669 2945 752 3010 cives
778 2948 910 3029 angelos
933 2946 1006 3024 Dei,
1033 2943 1212 3009 audivimus

208 3049 396 3113 eorumdem
426 3050 615 3132 angelorum
648 3049 749 3113 socios
782 3049 913 3132 spiritus
946 3050 1110 3132 justorum
1140 3069 1212 3131 per-

208 3153 385 3231 fectorum3
409 3152 466 3216 sed
480 3152 624 3216 carnales
640 3152 767 3236 quique,
783 3152 860 3236 quia
873 3151 929 3214 illo
946 3148 1117 3214 invisibilia
1131 3150 1212 3214 scire

208 3276 277 3319 non
299 3254 408 3319 valent
429 3276 488 3339 per
510 3254 777 3339 experimentum,
796 3254 949 3319 dubitant
971 3259 1125 3317 utrumne
1147 3253 1213 3316 sint

209 3380 281 3441 quae
297 3358 513 3442 corporalibus
528 3359 628 3422 oculis
643 3381 711 3423 non
731 3359 853 3423 vident.
897 3357 987 3423 Dum
1002 3377 1071 3420 esse
1086 3377 1214 3420 summa

209 3468 242 3524 et
257 3447 431 3525 invisibilia
452 3460 600 3540 audiunt,
616 3461 768 3525 diffidunt
791 3483 834 3525 an
853 3482 929 3525 vera
948 3459 1032 3524 sint:
1057 3459 1132 3543 quia
1147 3459 1214 3523 sola

208 3563 278 3626 haec
293 3562 405 3627 infima
419 3563 454 3626 in
471 3563 587 3646 quibus
602 3563 672 3627 nati
688 3569 765 3627 sunt
783 3561 921 3627 visibilia
939 3569 1111 3642 noverunt,
1127 3559 1216 3628 unde

208 3666 332 3730 factum
347 3673 407 3745 est,
422 3673 461 3730 ut
476 3666 544 3749 ipse
558 3665 768 3730 invisibilium
790 3674 824 3730 et
841 3665 1014 3730 visibilium
1032 3671 1158 3730 creator
1172 3664 1214 3730 ad

208 3769 346 3833 humani
361 3767 488 3852 generis
502 3768 736 3833 redemtionem
756 3769 944 3852 unigenitus
958 3770 1065 3835 Patris
1079 3769 1215 3858 veniret..

208 3870 410 3955 Unigenitus
434 3871 541 3959 Patris
564 3871 684 3936 idcirco
712 3871 901 3936 incarnatus
930 3879 989 3951 est,
1015 3881 1054 3937 ut
1083 3895 1143 3938 nos
1172 3871 1215 3936 ad

208 3973 307 4038 fidem
326 3973 556 4040 introduceret.
602 3975 632 4040 0
656 3982 778 4058 quanta
800 3980 849 4039 est
871 3975 999 4039 bonitas
1014 3976 1078 4039 Dei
1099 3974 1212 4053 nostri,

208 4077 265 4160 qui
279 4098 340 4142 nos
355 4078 474 4143 creavit
490 4086 523 4143 et
537 4078 694 4156 liberavit,
707 4078 878 4165 opprobria
892 4078 997 4142 multa
1007 4085 1040 4142 et
1051 4077 1214 4142 irrisiones

208 4180 380 4245 verborum
395 4182 530 4265 pertulit
545 4204 565 4246 a
579 4181 708 4266 perfidis
724 4183 744 4245 J
747 4181 856 4261 udaeis,
872 4188 910 4245 ut
930 4202 989 4245 nos
1004 4202 1061 4264 per
1076 4181 1144 4264 ejus
1159 4201 1214 4243 ex·

209 4276 353 4367 emplum
379 4305 487 4349 veram
514 4285 705 4369 patientiam
735 4303 951 4363 servaremus3
983 4283 1210 4368 insultantium
1314 4328 1316 4334 -

209 4388 317 4471 alapas
343 4390 475 4472 accepit,
498 4397 536 4453 ut
562 4388 685 4453 animas
711 4388 912 4453 credentium
941 4386 1063 4471 laqueis
1093 4385 1211 4450 diaboli

208 4491 381 4571 liberaret3
405 4517 425 4559 a
438 4495 634 4578 perfidorum
650 4495 751 4582 sputis
766 4494 882 4559 faciem
901 4516 968 4559 non
983 4492 1160 4572 abscondit,
1176 4499 1213 4556 ut

209 4618 269 4660 nos
292 4598 437 4664 ablueret
457 4621 540 4683 equa
558 4600 688 4680 salutis,
710 4599 829 4664 tacitus
851 4599 977 4682 flagella
998 4596 1156 4676 toleravit,
1175 4604 1213 4661 ut

700 4724 721 4766 o
