3259 5467
639 692 792 737 sacroru
809 693 1035 738 teramnanae.
1274 677 1338 740 169

330 831 525 915 Apostolieae
541 832 706 912 Pontifice,
722 854 798 896 cum
816 832 1005 897 muneribus
1028 842 1062 898 et
1083 834 1226 918 reliquiis
1243 857 1332 901 sanc·

329 941 440 998 torum
454 934 627 999 honorifice
639 937 761 1000 ditatus
769 936 934 1014 remeavit,
944 937 1138 1021 Italiamque
1147 939 1334 1022 perveniens

329 1036 459 1102 'Picenae
473 1038 562 1102 urbis
576 1039 740 1122 ingressus
755 1040 885 1117 moenia,
901 1040 988 1123 apud
1004 1039 1230 1105 honorandum
1248 1042 1334 1106 Lou-

329 1140 545 1222 gcbardorum
573 1142 821 1206 Liudbrandum
859 1144 993 1225 Regem,
1020 1145 1089 1227 jam
1126 1145 1215 1208 senio
1244 1144 1335 1210 fessis

329 1242 494 1323 membris,
503 1244 741 1328 requiescebat:
764 1253 797 1308 et
812 1245 965 1310 recedens
981 1269 1048 1310 non
1060 1239 1164 1311 solum
1178 1248 1334 1313 invitatus

328 1347 560 1429 Bagoariorum
581 1348 621 1411 ab
642 1348 780 1413 Odilone
798 1349 901 1429 Duce,
918 1350 974 1413 sed
993 1358 1027 1415 et
1048 1359 1245 1434 spontaneus
1261 1352 1333 1428 visi-

324 1450 406 1513 tavit
417 1449 735 1534 incolas‚mansitque
746 1452 832 1534 apud
841 1473 895 1515 eos
905 1452 1018 1516 diebus
1027 1453 1331 1538 multisproedieaus

327 1559 361 1615 et
376 1554 598 1636 evangelizans
618 1553 752 1618 verbum
767 1555 839 1633 Dei,
855 1577 999 1639 veraeque
1019 1556 1094 1620 fidei
1114 1579 1150 1621 ac
1169 1557 1334 1647 religionis

326 1664 527 1721 sacramenta
537 1658 718 1722 renovavit:
735 1665 768 1722 et
781 1658 995 1724 destructores
1007 1660 1221 1739 ecelesiarum,
1231 1647 1334 1745 popu-s

325 1759 413 1842 lique
433 1782 632 1843 perversores
654 1760 814 1844 abigebat.
860 1762 1007 1827 Quorum
1027 1764 1082 1827 alii
1103 1764 1228 1847 pridem
1250 1765 1332 1830 falso

324 1885 360 1926 se
378 1863 588 1947 Episcopatus
607 1864 709 1947 gradu
729 1865 951 1947 praetulerunt,
966 1866 1021 1930 alii
1045 1866 1142 1930 etiarn
1165 1865 1331 1950 presbyte-

323 1974 414 2030 ratus
430 1989 464 2030 se
479 1967 581 2031 officio
596 1968 814 2051 deputabant:
839 1969 893 2032 alii
908 1969 977 2033 haee
992 1973 1088 2052 atque
1103 1969 1167 2033 alia
1179 1970 1328 2035 innume·

322 2070 437 2134 rabilia
453 2073 620 2154 fingentes,
635 2094 756 2154 magna
772 2094 812 2136 ex
834 2079 925 2156 parte
945 2073 1101 2155 populum
1119 2074 1326 2138 seduxerunt.

324 2174 391 2237 Sed
405 2175 480 2257 quia
497 2181 627 2238 sanetus
642 2175 690 2239 vir
700 2176 769 2259 jam
786 2176 858 2239 Deo
876 2175 916 2240 ab
937 2175 1075 2240 infantia
1089 2176 1227 2254 deditus,
1242 2176 1327 2261 inju-

320 2276 403 2340 riam
423 2278 547 2341 domini
566 2278 615 2341 sui
633 2301 700 2342 non
720 2278 836 2356 ferens,
853 2278 1072 2362 supradictum
1089 2280 1214 2343 Ducem
1230 2301 1329 2344 cune-

319 2387 456 2464 tumque
477 2382 593 2464 vulgus
615 2381 656 2446 ab
677 2382 800 2466 injusta
821 2382 981 2447 haereticae
1002 2382 1151 2447 falsitatis
1174 2389 1269 2461 secta,
1293 2391 1326 2447 et

320 2481 491 2546 fornicaria
505 2482 708 2546 sacerdotum
720 2482 908 2566 deceptione
919 2483 1070 2563 coercuit,
1082 2490 1116 2547 et
1130 2484 1326 2568 provinciam

320 2585 554 2667 Bagoariorum
581 2585 718 2649 Odilone
742 2586 835 2649 Duce
864 2587 1096 2665 consentiente,
1121 2587 1157 2650 in
1186 2593 1325 2671 quatuor

320 2687 427 2750 divisit
441 2688 617 2770 parochias,
628 2695 829 2771 quatuorque
839 2688 890 2751 bis
905 2688 1051 2772 partibus
1063 2691 1232 2772 praesidere
1248 2691 1324 2755 feeit

319 2790 513 2873 Episcopos:
530 2813 609 2872 quos
624 2791 826 2855 ordinatione
838 2791 958 2856 scilieet
969 2793 1055 2855 facta
1066 2792 1102 2856 in
1112 2793 1324 2877 Episcopatus

318 2894 455 2976 gradum
471 2893 665 2957 sublevavit:
690 2893 837 2958 Quorum
856 2895 980 2977 primus
999 2895 1129 2958 nomine
1145 2897 1165 2958 J
1167 2897 1321 2975 ohannes,

317 2996 470 3061 Ecclesiae
486 2996 522 3060 in
540 2997 655 3080 oppido
674 2997 761 3080 quod
782 2997 901 3061 dicitur
925 2997 1098 3080 Saltaburg
1113 2998 1323 3082 Episcopatus

317 3100 515 3164 Cathedram
545 3100 704 3183 suscepit:
738 3101 898 3164 secundus
922 3098 1093 3176 Erenbert,
1122 3100 1178 3183 qui
1201 3101 1322 3164 Frisin-

317 3204 425 3286 gensis
441 3203 580 3269 ecelesiae
595 3204 802 3288 speculatoris
817 3203 925 3267 tenuit
944 3203 1182 3286 principatum:
1205 3204 1321 3271 tertius

318 3307 504 3386 Gaibaldus,
521 3307 576 3391 qui
591 3308 729 3372 ecclesiae
749 3308 887 3371 civitatis
904 3306 1038 3390 Reginae
1052 3307 1211 3390 pastorale
1226 3327 1319 3371 excu-

314 3411 428 3476 bitoris
452 3411 550 3474 subiit
572 3411 814 3494 magisterium:
846 3419 979 3495 quartus
1003 3410 1119 3489 Vivilo,
1146 3410 1200 3494 qui
1226 3432 1321 3494 super

315 3515 540 3579 Pataviensem
554 3515 732 3579 Ecclesiam
747 3536 844 3580 sacrae
859 3513 1076 3598 indagationis
1092 3514 1234 3579 obtinuit
1250 3515 1320 3598 dig-

314 3618 462 3683 nitatem.
522 3617 670 3701 Cumque
702 3621 811 3682 omnia
847 3620 1037 3682 confirmato
1066 3618 1320 3683 Christianitatis

314 3721 428 3784 ordine
452 3721 515 3785 rite
533 3728 716 3804 agerentur,
737 3728 770 3786 et
792 3726 954 3785 canonum
975 3730 1082 3786 esseut
1105 3723 1181 3807 jura
1200 3722 1236 3785 iu
1255 3723 1318 3786 Ba·

314 3824 431 3905 goariis
439 3825 765 3908 recuperata,jamad
773 3824 918 3907 proprias
929 3825 1103 3889 remeando
1113 3825 1209 3889 rediit
1220 3826 1320 3890 eccle·

314 3928 386 4005 sias,
409 3928 582 4012 populique
605 3927 665 3991 sibi
688 3927 850 3990 commissi
869 3948 979 3991 euram
1003 3948 1126 4010 gerens,
1148 3928 1319 4010 caulasque

313 4052 449 4115 gregum
471 4031 739 4115 circumspiciens,
764 4038 797 4094 et
823 4031 973 4095 excubias
998 4029 1178 4115 providens,
1201 4051 1318 4097 evesa

311 4136 461 4200 nefandis
475 4137 626 4220 luporum
639 4136 799 4201 morsibus
814 4136 942 4220 eripuit.
1395 4120 1401 4132 ⁴

314 4292 315 4295 ,
357 4240 503 4322 Cumque
519 4240 626 4304 Caroli
637 4240 738 4304 Ducis
754 4240 883 4324 gloriosi
898 4238 1074 4322 temporale
1089 4236 1218 4300 finitum
1234 4243 1317 4300 esset

312 4365 461 4425 regnum,
477 4352 511 4407 et
532 4343 672 4408 filiorum
694 4345 764 4427 ejus
786 4342 1014 4407 Carclomanni
1039 4348 1072 4405 et
1095 4338 1201 4423 Pipini
1223 4338 1315 4403 robo-

312 4454 421 4510 ratum
441 4453 524 4510 esset
541 4446 722 4530 imperium,
737 4455 818 4510 tunc
837 4446 954 4530 quippe
970 4444 1111 4508 Domino
1126 4444 1196 4507 Deo
1211 4441 1316 4525 opitu-

311 4549 401 4612 lante
431 4571 468 4613 ac
499 4557 701 4633 suggerente,
728 4551 849 4613 Sancto
873 4547 1039 4613 Bonifacio
1068 4545 1315 4630 Arcbiepiscopo

800 4673 826 4715 n
