3259 5467
703 700 740 742 ru
758 699 931 743 concrum.
1253 683 1319 744 255¹

312 852 350 908 ut
366 865 405 908 ex
420 844 535 928 adagio
550 845 721 928 superstite
741 846 932 930 colligimus.
977 845 1118 929 Augurii
1136 867 1175 910 ex
1191 854 1318 911 sternu-

311 947 435 1010 tatione
450 947 622 1030 vestigium
636 947 769 1031 adparet
783 968 823 1012 ex
837 947 993 1026 formulis,
1010 948 1101 1031 queis
1120 948 1317 1014 sternutanti

312 1049 550 1114 adclamamus:
567 1052 680 1132 prosit,
690 1050 849 1132 proficiat,
868 1052 944 1115 Gott
963 1049 1034 1132 belf,
1049 1051 1257 1134 Deusrcoepta
1270 1071 1318 1116 ee·

314 1153 436 1229 candet,
449 1173 484 1216 er
498 1153 629 1216 becieset
643 1174 684 1232 es,
695 1154 783 1218 unde
798 1156 895 1237 vulgo
905 1154 1067 1218 inferunt:
1091 1175 1168 1238 ergo
1182 1175 1233 1219 res
1244 1176 1319 1221 vera

312 1263 371 1334 est,
387 1277 464 1339 ergo
477 1278 529 1320 res
543 1255 627 1320 bene
641 1257 801 1321 succedet.

355 1359 449 1423 XIV.
473 1360 523 1422 De
545 1360 658 1422 divinis
679 1365 710 1422 et
732 1358 913 1442 sortilepis]
941 1359 1053 1423 Divini
1074 1367 1240 1442 vocantur,
1262 1360 1317 1445 qui

312 1461 480 1525 divinitate
494 1462 607 1545 plenos
621 1483 656 1526 se
671 1462 825 1526 simulant
840 1469 873 1526 et
889 1463 1009 1526 astutia
1023 1463 1164 1548 quadam
1183 1465 1317 1529 fraudu-

311 1565 401 1628 lenta
414 1565 599 1629 hominibus
613 1565 787 1649 imponunt
801 1566 913 1629 futura
927 1566 1149 1650 conjectando.
1192 1567 1316 1650 Grego-

311 1668 379 1731 rius
395 1668 462 1732 III.
474 1669 540 1732 PP.
551 1669 588 1732 in
598 1669 728 1754 judiciis
742 1669 1020 1752 poenitentialibus
1032 1691 1100 1752 cap.
1115 1670 1171 1732 16:
1190 1670 1319 1734 Harioli

311 1777 393 1849 aaut,
409 1772 462 1854 qai
476 1773 561 1836 circa
576 1792 651 1835 oras
664 1773 817 1836 idolorum
827 1772 1006 1855 sacrificant
1022 1820 1029 1836 .
1049 1821 1055 1836 .
1074 1821 1082 1836 .
1097 1773 1126 1835 si
1140 1773 1210 1855 quir
1221 1792 1317 1855 crpu-

312 1875 374 1951 ria,
395 1876 544 1956 auspicia,
566 1876 770 1939 divinationes
794 1877 844 1939 vel
865 1877 918 1958 qui
941 1880 1044 1939 votum
1067 1876 1184 1938 raucit
1199 1880 1318 1956 preter

313 1978 481 2056 ecelesiam,
496 1979 546 2040 vel
562 1979 614 2061 qai
637 1979 840 2042 divinationes
853 1978 1035 2061 facientia
1057 1977 1318 2041 incantationibus

313 2082 389 2158 suis,
414 2082 497 2163 quod
517 2083 639 2144 omuino
663 2081 848 2144 diabolicam
874 2087 930 2160 est,
955 2088 1019 2145 tres
1042 2101 1139 2144 canos
1155 2064 1317 2162 peniteat.

314 2183 1316 2266 DesortilegisConciliumAntisiodorenseanniDLXXVIII.

314 2306 384 2369 cap.
401 2290 440 2350 3:
462 2288 536 2351 Non
555 2289 626 2352 licet
646 2288 690 2351 od
705 2290 866 2371 aortileyoa
879 2290 929 2352 rel
946 2289 991 2351 cd
1009 2289 1140 2370 cupario
1154 2288 1315 2369 respicere,

314 2409 370 2452 aec
392 2389 436 2452 cd
454 2397 553 2454 sortes
574 2412 652 2474 qaas
673 2398 850 2455 sanctor-um
871 2396 991 2471 cocart,
1006 2392 1056 2454 rel
1076 2411 1154 2473 qaas
1166 2391 1213 2479 yde
1236 2391 1319 2473 lipao

315 2499 371 2555 out
385 2493 423 2556 de
435 2514 521 2574 pace
531 2494 659 2576 facium
674 2497 820 2576 aspicere.
868 2496 978 2559 Sortes
998 2502 1183 2559 sanctorum
1202 2514 1319 2558 vocan-

314 2602 387 2659 tur:
416 2596 574 2679 inspectio
598 2598 753 2680 evangelii
777 2605 834 2662 aut
860 2599 992 2663 alterius
1014 2597 1090 2661 libri
1113 2597 1213 2676 sacri;
1244 2617 1319 2661 cum

315 2698 470 2762 nimirum
485 2706 595 2782 aperto
610 2701 691 2764 libro
705 2701 856 2784 quicquid
869 2701 1011 2784 primum
1022 2700 1124 2764 oculis
1134 2700 1318 2781 occurrerit,

315 2822 374 2884 pro
394 2808 479 2864 sorte
500 2803 551 2866 vel
571 2803 692 2866 oraculi
711 2803 781 2867 loco
802 2803 994 2867 habebatur.
1041 2804 1129 2867 Hinc
1144 2804 1320 2895 capitulare

317 2903 424 2967 Caroli
438 2905 488 2968 M.
504 2926 531 2968 c.
544 2909 605 2970 22:
630 2907 749 2970 divinos
764 2913 795 2970 et
808 2908 971 2988 sortilepos
981 2907 1117 2969 ecclesiis
1132 2912 1163 2969 et
1176 2906 1319 2969 sacrdo-

316 3009 399 3072 tibua
428 3011 500 3073 dori
533 3011 745 3075 constituimus
780 3011 901 3075 scilicet
937 3009 1118 3093 puniendos
1147 3017 1182 3073 et
1211 3030 1319 3073 emen·

319 3111 451 3176 dandos

359 3215 433 3279 XV.
456 3217 506 3278 De
519 3217 589 3297 ipae
600 3214 731 3296 fiicato,
748 3217 786 3279 de
801 3217 893 3297 liquo,
905 3215 942 3277 id
954 3220 1000 3277 est
1013 3212 1167 3296 Nodfyr.]
1195 3211 1320 3278 Plinius

316 3316 391 3381 hist.
414 3324 482 3383 nat.
505 3317 561 3380 lib.
584 3319 677 3382 XVI.
705 3339 732 3382 c.
760 3321 813 3381 40.
837 3322 1013 3381 memorat:
1056 3317 1180 3380 Teritur
1204 3317 1320 3397 liparem

316 3422 408 3502 lippo,
424 3423 582 3502 ipoeche
601 3423 733 3503 concipit
753 3422 875 3498 attritu,
894 3421 1064 3502 corripiente
1083 3420 1216 3482 materia
1235 3419 1321 3482 aridi

309 3521 442 3604 fomitis,
455 3522 553 3606 scapi
571 3526 621 3588 vel
629 3523 780 3605 foliorum
792 3524 947 3605 facillime
965 3529 1151 3605 conceptum.
1196 3519 1323 3605 Nodfyr

317 3626 418 3708 igitur
432 3627 515 3691 bene
527 3627 688 3691 derivatur
704 3650 723 3691 a
737 3627 867 3691 No'tlreu
878 3649 991 3711 cogere
1002 3635 1035 3692 et
1041 3627 1110 3710 syr,
1119 3626 1220 3709 fecer,
1232 3626 1323 3710 ignes

319 3749 358 3792 ex
372 3729 462 3811 ligno
477 3729 588 3793 coacti.
635 3729 690 3792 Ut-
699 3737 809 3793 autem
827 3730 987 3813 pleraeque
1007 3731 1256 3795 consuetudines
1270 3750 1323 3795 ve·

319 3837 416 3895 tustae
437 3831 473 3894 in
495 3831 756 3915 superstitionem
779 3832 896 3911 abiere,
918 3833 963 3895 sic
989 3840 1022 3896 et
1045 3833 1131 3915 ignis
1155 3831 1323 3895 fricatione

321 3934 477 3998 excitatus
494 3955 581 3998 sacer
601 3943 634 3999 et
654 3935 748 3999 malis
768 3935 1017 3999 averruncandis
1034 3934 1125 3997 utilis
1140 3954 1208 3997 esse
1223 3933 1323 3997 credi-

319 4044 374 4101 tus
389 4045 448 4115 est,
461 4038 600 4121 olimque
616 4038 779 4102 adhibitus
793 4037 980 4101 lustrationi
995 4044 1027 4100 et
1043 4035 1181 4099 victimis
1192 4034 1323 4099 combu-

320 4139 438 4218 rendis,
454 4140 495 4203 ad
516 4141 609 4223 ignes
630 4142 771 4224 pascales
792 4142 829 4204 in
850 4141 1007 4204 honorem
1027 4140 1106 4204 Deae
1125 4139 1249 4202 Eostrae
1263 4160 1324 4203 nec

320 4264 387 4306 non
417 4242 459 4306 ad
487 4243 579 4324 ignes
609 4265 628 4307 a
659 4244 692 4307 S.
709 4245 861 4308 Johanne
890 4242 1002 4320 dictos,
1031 4243 1121 4306 forte
1143 4241 1221 4305 olim
1250 4241 1323 4306 «lovi

321 4346 464 4429 proprios
494 4345 625 4409 accendi
659 4347 778 4410 solitos.
840 4344 910 4410 Hos
945 4346 1037 4429 ignes
1069 4346 1105 4409 in
1140 4345 1324 4408 Germaniae

320 4447 398 4512 loeis
433 4449 676 4532 quampluribus
708 4449 814 4513 adhuc
845 4449 982 4514 usitatos
1012 4450 1067 4533 qui
1096 4432 1324 4532 pertranseunt

321 4559 377 4615 aut
399 4573 456 4636 per
478 4553 605 4616 fumum
631 4574 742 4619 eorum
764 4560 901 4618 currunt
923 4553 988 4618 sive
1012 4552 1159 4618 homines
1173 4550 1239 4614 sive
1253 4551 1322 4616 ani·
