3259 5467
564 732 567 736 Α
701 708 738 748 m
756 707 943 750 rmsronnr.
1257 693 1319 754 221

318 851 413 933 perii,
426 871 522 934 quem
539 854 664 913 certum
681 858 740 926 est,
761 869 836 912 eum
857 849 1011 933 attigisse,
1028 851 1206 932 copulatur,
1221 858 1322 916 recte

318 973 381 1034 que
396 954 495 1016 etiam
509 953 546 1015 in
560 951 700 1016 editione
713 951 877 1015 Sirmondi
888 952 1008 1034 legitur
1020 953 1149 1017 indictio
1160 955 1239 1018 XII.
1252 954 1323 1020 loco

318 1056 505 1121 indictionis
521 1056 561 1120 X.
578 1062 634 1120 aut
650 1056 710 1120 XI.
727 1063 760 1120 et
771 1057 842 1120 loco
856 1057 1035 1121 indictionis
1048 1059 1142 1122 XIII.
1155 1081 1251 1143 quam
1267 1077 1322 1144 po-

318 1159 393 1222 suit.
439 1159 587 1223 Cointius
611 1179 697 1222 auno
720 1158 912 1223 Dccxnv.
937 1182 1027 1224 num.
1054 1158 1213 1226 XLVIII.
1240 1164 1322 1227 Sub-

318 1262 450 1345 scriptio
464 1263 572 1345 itaque
586 1262 684 1346 hujus
704 1261 847 1344 epistolae
861 1263 1041 1346 pontificiae,
1059 1286 1129 1347 quae
1147 1266 1259 1331 ordine
1274 1275 1322 1330 est

319 1365 379 1428 IV.
395 1365 483 1428 inter
497 1365 646 1448 epistolas
661 1365 832 1444 Zachariae,
850 1365 895 1429 sie
914 1367 1124 1446 restituenda,
1139 1373 1177 1431 ut
1194 1390 1232 1432 ex
1248 1390 1321 1432 mox

317 1467 462 1531 dicendis
484 1468 662 1532 constabit:
686 1470 773 1531 Data
795 1469 837 1531 X.
854 1468 987 1532 Kalend.
1008 1471 1130 1533 Octobr.
1154 1472 1323 1552 imperante

317 1573 451 1634 Domino
476 1571 656 1635 Artnbusdo
682 1592 701 1633 a
727 1573 794 1635 Deo
821 1579 967 1636 coronato
990 1594 1100 1656 moqno
1125 1577 1321 1656 imperatore,

317 1694 398 1736 anno
413 1675 475 1737 ΙΙΙ.
488 1676 527 1737 P.
541 1676 573 1737 0.
590 1695 670 1737 enno
685 1675 747 1753 III,
763 1675 821 1737 red
832 1680 863 1738 et
877 1675 1052 1756 Nicephoro
1063 1698 1174 1759 mupnn
1188 1678 1320 1758 imperu-

317 1783 384 1840 tore
399 1798 479 1839 anno
493 1779 520 1839 I.
536 1777 703 1841 indictione
717 1779 794 1841 XII.
833 1778 912 1860 Pagi
928 1779 969 1841 ad
984 1801 1035 1842 an.
1053 1778 1269 1843 DCCXLIII.
1287 1801 1319 1843 n.

316 1880 364 1944 ΙΙ.
382 1881 437 1962 qui
462 1903 495 1943 n.
520 1880 650 1943 Illita
673 1882 797 1964 pergit:
836 1883 1009 1944 Zacharias
1034 1884 1135 1963 Papa,
1155 1888 1321 1964 postquam

315 1984 441 2063 scripsit
464 1985 674 2064 precedentes
695 1986 827 2062 litteras,
852 1986 934 2047 otios
959 2006 979 2047 a
1003 1985 1165 2066 Bonifncio
1191 1987 1319 2068 accepit,

317 2107 383 2166 qne
401 2087 445 2148 ad
461 2108 516 2150 nos
535 2106 596 2150 non
613 2108 790 2168 pervenere,
809 2088 867 2150 sed
888 2109 1017 2170 qnorum
1040 2089 1221 2152 mentionem
1236 2088 1322 2170 fucit

315 2191 499 2268 Zachariae,
522 2196 553 2254 et
574 2191 684 2272 qnibne
704 2192 867 2272 respondet
889 2193 1018 2272 epistota
1048 2193 1082 2254 V.
1098 2191 1233 2256 recitata
1256 2192 1319 2256 hoe

317 2313 403 2356 anno
414 2315 433 2355 a
445 2294 585 2357 Baronio
599 2294 652 2376 (V.
664 2294 828 2358 Othlonus
839 2295 894 2358 lib.
906 2295 953 2358 ΙΙ.
965 2317 1033 2377 cap.
1044 2295 1137 2377 XII.)
1162 2295 1246 2358 Cum
1258 2295 1318 2358 ita-

317 2417 379 2478 que
395 2396 529 2478 epistola
548 2397 705 2460 Bonifaeii
726 2398 766 2460 ad
787 2398 986 2477 Zachariam,
1003 2421 1066 2482 qua
1085 2399 1148 2462 tria
1166 2398 1263 2482 pallia
1278 2397 1318 2462 ab

317 2520 355 2562 eo
380 2500 563 2581 postulavit,
587 2500 663 2564 data
688 2500 729 2563 sit
756 2522 866 2564 mense
894 2503 1055 2585 Augusto,
1078 2509 1160 2566 teste
1183 2501 1319 2585 ipsomet

318 2603 480 2681 Zacharia,
496 2603 630 2687 epistola
649 2604 793 2687 ejusdem
815 2604 990 2684 Pontificio,
1009 2627 1145 2669 numero
1165 2604 1320 2687 superiori

315 2706 482 2788 explicata,
498 2707 628 2770 nonnisi
646 2727 704 2791 per
723 2707 927 2772 librariorum
945 2730 1085 2774 errorem
1103 2708 1222 2773 dieitur
1243 2708 1319 2770 data

317 2809 358 2871 X.
375 2809 449 2871 Kal.
465 2811 529 2871 Jnt.
545 2831 603 2872 seu
617 2811 667 2873 die
681 2811 790 2873 XXII.
806 2812 919 2874 mensis
933 2812 1005 2874 Jnn.
1052 2811 1135 2875 Cum
1151 2810 1238 2874 enim
1254 2810 1319 2892 epi·

316 2912 398 2975 stola
412 2913 570 2976 Bonifaeii
584 2934 694 2978 mense
709 2914 860 2996 Augusto
876 2921 1006 2978 exarata
1019 2914 1126 2992 filerit,
1143 2920 1176 2976 et
1191 2913 1231 2976 ad
1247 2933 1318 2975 eam

315 3013 506 3095 respondeat
521 3014 699 3094 Zacharias,
715 3016 889 3097 mittatque
909 3014 972 3078 tria
986 3013 1082 3096 pallia
1097 3013 1137 3078 ab
1153 3034 1191 3076 eo
1206 3015 1318 3095 petita,

315 3137 503 3198 responsum
525 3124 597 3199 post
619 3139 763 3180 mensem
786 3118 973 3200 Augustum
995 3115 1109 3179 datum
1131 3113 1238 3192 fuisse,
1262 3136 1318 3179 ne-

315 3240 402 3283 cesse
428 3226 494 3282 est:
533 3220 675 3302 alioquin
701 3220 782 3283 illud
807 3221 909 3284 trium
934 3218 1105 3303 palliorum
1128 3216 1319 3300 petitionem

314 3344 382 3386 non
411 3322 618 3387 subsecutum
648 3330 742 3401 esset,
769 3323 826 3387 sed
855 3322 1077 3406 praecessisset,
1103 3342 1178 3385 eum
1207 3327 1318 3384 tamen

314 3425 482 3488 Zacharias
494 3427 691 3490 contrarium
705 3426 834 3504 scribat,
847 3447 947 3509 eaque
962 3425 1059 3510 pallia
1073 3446 1093 3488 a
1107 3445 1141 3489 se
1155 3424 1319 3508 postulata

314 3529 431 3591 diserte
447 3536 586 3607 asserat3
609 3530 740 3593 tandem
757 3530 920 3593 concludit
932 3552 964 3594 n.
978 3530 1037 3593 IV.
1049 3535 1191 3593 coeternm
1201 3535 1319 3593 ntroin·

314 3653 371 3713 qne
385 3633 547 3695 Zachariae
566 3634 736 3714 epistotam,
755 3641 820 3697 tam
839 3635 948 3698 ordine
970 3635 1028 3698 IV.
1045 3655 1137 3716 qnam
1152 3635 1260 3698 ordine
1280 3635 1317 3698 V.

314 3741 455 3798 currente
474 3737 641 3800 indictione
663 3737 740 3799 XII.
758 3744 957 3819 currenteqne
980 3758 1060 3801 anno
1077 3738 1315 3820 (DCCXLIH.)

310 3844 383 3919 post
413 3839 645 3903 celebrationem
674 3842 798 3903 concilii
827 3842 1022 3922 Liptineneir
1051 3840 1185 3904 Kalend.
1215 3841 1317 3903 Mart.

314 3943 422 4019 debiti,
437 3944 586 4023 scriptam
606 3963 670 4006 esse
690 3945 854 4007 ostendunt
876 3945 1006 4007 mndata
1020 3943 1184 4006 Zachariae
1202 3941 1316 4004 acrba:

317 4047 494 4123 Concilium,
510 4046 675 4127 adnnente
691 4048 768 4125 Deo,
785 4052 815 4110 et
833 4048 1055 4111 Carotomanno
1072 4043 1228 4126 prebente
1245 4063 1316 4108 con·

314 4169 444 4226 sernum,
456 4147 580 4230 factem
595 4155 649 4213 eet.
697 4149 777 4214 Haec
793 4151 874 4234 Pagi
888 4173 919 4234 p.
936 4151 1010 4215 256.
1027 4149 1083 4235 qui
1105 4149 1203 4213 etiam
1224 4171 1315 4213 num.

313 4252 354 4314 V.
371 4274 402 4335 p.
419 4253 723 4318 concinnamenta
744 4254 908 4318 Sirmondi
923 4261 1020 4337 atque
1035 4252 1164 4317 Cointii.
1181 4252 1313 4317 rationi-

313 4355 374 4418 bus
389 4355 546 4435 adductis,
563 4357 706 4421 evertit.’'
720 4358 776 4420 W.

357 4464 377 4493 “
387 4458 528 4542 Optime,
544 4467 581 4523 ut
596 4467 689 4524 notat
704 4460 866 4524 Eccardus
881 4461 903 4524 l.
915 4480 943 4524 c.
953 4482 984 4544 p.
997 4462 1071 4523 448.
1086 4458 1119 4523 S.
1130 4457 1315 4523 Bonifacius

313 4570 433 4644 egerat,
449 4584 523 4627 cum
541 4571 607 4629 tres
626 4563 844 4628 constituisset
866 4564 901 4628 in
917 4563 1023 4628 Gallia
1043 4562 1314 4649 archiepiscopos3
