3259 5467
583 1517 1044 1609 Posrscalrrurr.

355 1899 410 1960 Nn
437 1898 498 1960 hoc
520 1896 633 1960 folium
654 1915 792 1958 vacuum
814 1894 866 1973 sit,
889 1894 1009 1958 iterum
1030 1893 1164 1958 lectores
1186 1912 1312 1971 moneo,

312 2020 428 2082 horum
458 2018 658 2100 scriptorum,
690 2037 769 2099 quos
798 2035 887 2078 nunc
916 2014 1057 2097 primum
1090 2013 1150 2077 sub
1182 2013 1314 2078 nomine

312 2140 447 2201 Patrum
469 2136 620 2201 Ecclesiae
643 2135 833 2219 Anglicanae
855 2135 1010 2199 continua
1032 2135 1112 2199 serie
1135 2135 1313 2218 vulgamus,

313 2258 421 2322 omnia
446 2278 542 2340 opera
565 2277 734 2339 nunquam
758 2256 863 2318 adhuc
886 2255 992 2318 lucem
1015 2255 1140 2333 vidisse,
1165 2254 1251 2339 quod
1279 2253 1316 2316 in

312 2378 422 2441 firturo
436 2383 580 2458 tempore
595 2381 667 2457 post
690 2373 864 2437 editionem
885 2394 990 2437 meam
1011 2373 1052 2437 ad
1066 2374 1165 2436 finem
1179 2373 1314 2456 perduc-

313 2503 390 2574 tam,
406 2495 458 2558 vix
478 2516 569 2577 spero
587 2494 650 2557 dici
670 2494 798 2576 poterit.
845 2493 891 2556 At
914 2492 1000 2576 quod
1021 2514 1111 2575 aeque
1132 2492 1314 2556 notandum

313 2623 371 2695 est,
387 2616 486 2679 etiam
500 2615 556 2678 illa
571 2615 697 2696 scripta,
715 2635 785 2697 quae
805 2613 882 2677 olim
899 2613 1069 2678 ediderunt
1085 2613 1314 2693 Commelinus,

316 2733 492 2811 Gerberon,
515 2731 686 2809 Wharton,
704 2731 948 2809 Goussainville,
968 2732 1080 2814 Lupus
1100 2732 1214 2811 etalii,
1237 2732 1316 2797 adeo

312 2851 472 2915 erroribus
485 2851 652 2914 abundant
667 2856 705 2913 ut
720 2872 787 2913 non
802 2850 972 2914 minimam
982 2850 1099 2914 laboris
1114 2852 1179 2914 mei
1189 2858 1314 2934 partem

310 2970 346 3032 in
371 2970 434 3032 illis
459 2969 654 3052 corrigendis
677 2970 856 3052 posuerim:
889 2970 945 3035 sed
970 2971 1147 3035 inhaere
1173 2972 1313 3036 secundo

312 3090 447 3153 lectores
470 3096 546 3153 sunt
568 3090 732 3168 monendi,
749 3091 776 3153 si
799 3091 876 3175 quid
900 3112 960 3174 ego
982 3092 1032 3154 vel
1053 3092 1088 3155 in
1110 3099 1202 3156 textu
1223 3094 1313 3157 meli·

311 3209 432 3273 orando
461 3209 512 3271 vel
540 3210 575 3272 in
605 3209 868 3273 adnotationibus
897 3210 1074 3273 tractandis
1102 3211 1227 3275 incuria
1256 3218 1313 3275 aut

311 3329 438 3392 inscitia
453 3350 606 3406 erravero,
622 3330 808 3392 nullatenus
828 3351 880 3392 me
895 3330 974 3393 istos
990 3351 1111 3395 errores
1127 3333 1238 3411 celare,
1255 3340 1312 3396 aut

313 3450 378 3512 ullo
398 3448 555 3511 velamine
575 3449 754 3528 obscurare,
776 3449 832 3514 sed
852 3456 1011 3532 quantum
1030 3450 1065 3513 in
1084 3471 1137 3514 me
1155 3451 1261 3530 fuerit,
1277 3452 1312 3516 in

312 3570 417 3632 lucem
440 3568 583 3650 prodere,
606 3575 644 3630 ut
664 3574 768 3651 'quam
793 3568 946 3632 facillima
968 3570 1009 3633 sit
1035 3571 1197 3649 correctio,
1221 3592 1311 3636 cura-

313 3696 433 3751 turum.

356 3807 501 3869 Tertium
516 3807 615 3870 lector
629 3808 809 3870 monendus
828 3813 886 3885 est,
903 3807 1088 3891 ubicunque
1104 3810 1224 3893 aliquid
1238 3811 1313 3874 novi

313 3927 348 3988 in
371 3925 572 3990 bibliothecis
591 3927 696 3989 adhuc
718 3927 823 3991 latens
840 3927 1002 4005 invenero,
1026 3928 1124 3992 etiam
1149 3929 1175 3992 si
1195 3929 1236 3992 ad
1260 3950 1313 3993 eos

313 4046 482 4129 scriptores
500 4052 621 4128 spectet
643 4067 779 4128 quorum
799 4046 898 4110 editio
919 4068 1051 4129 operum
1069 4048 1138 4131 jam
1159 4047 1200 4110 ad
1214 4049 1313 4112 finem

312 4165 466 4248 perducta
491 4166 598 4243 fuerit,
617 4166 806 4249 religionem
830 4167 911 4230 mihi
933 4167 1001 4234 fore
1028 4188 1125 4251 quam
1148 4167 1311 4231 celerrime

312 4286 568 4368 supplementum
590 4287 693 4365 edere,
710 4309 772 4370 quo
793 4307 831 4350 ea
853 4309 936 4350 nova
957 4308 1053 4371 opera
1074 4287 1116 4351 ad
1137 4285 1312 4351 editionem

308 4409 375 4489 jam
399 4407 484 4489 apud
507 4415 665 4490 emptores
681 4409 829 4485 locatam,
846 4415 978 4491 sumptu
994 4428 1067 4470 meo
1087 4407 1310 4471 adnectantur.

313 4528 471 4589 Exnnrm
490 4549 627 4591 aarum.
674 4529 762 4590 Beda
780 4529 963 4592 ammobilia
985 4528 1116 4610 quiaque
1133 4548 1165 4590 se
1183 4529 1228 4589 ait
1248 4529 1311 4608 cpi-
