3259 5467
314 640 380 702 214
572 657 665 700 nora
682 657 722 699 nr
738 655 854 699 vaura
871 621 1063 699 uncriouns.

314 799 407 864 exiis
422 797 562 876 deducit,
577 796 667 860 illinc
682 817 753 861 eam
769 794 937 878 epistolam
952 794 1062 858 datam
1077 813 1157 858 esse.
1192 793 1314 877 Ilpisto·

313 904 379 967 lam
393 909 504 967 tamen
523 900 609 964 hanc
629 900 742 964 Romae
763 899 916 984 scriptam
936 904 970 962 et
987 897 1028 962 de
1045 897 1177 982 Synodo
1196 897 1244 962 ibi
1263 897 1315 960 ha-

314 1006 421 1070 benda
435 1004 639 1070 Bonifacium
651 1004 749 1087 loqui,
765 1003 943 1068 ostendunt
957 1002 1063 1080 verba,
1079 1024 1152 1086 quae
1165 1003 1317 1085 legrmtur

314 1109 350 1173 in
366 1108 501 1193 epistola
515 1106 664 1191 Gregorii
684 1106 780 1191 Papae
794 1105 961 1190 Episcopis
975 1104 1011 1169 in
1025 1105 1196 1170 Provincia
1216 1106 1317 1187 Bago-

315 1212 390 1276 ariae
416 1217 449 1275 et
473 1209 677 1274 Alemanuiae
700 1207 886 1273 constitutis
912 1229 984 1291 qnae
1013 1214 1062 1272 est
1087 1207 1201 1272 ordine
1228 1207 1317 1271 XLV

315 1315 421 1378 Roma
444 1335 464 1377 a
486 1313 653 1377 Bonifaoio
679 1311 805 1390 adlata;
841 1311 878 1375 in
904 1332 942 1375 ea
964 1310 1142 1394 Gregorius
1166 1310 1232 1374 PP.
1257 1310 1317 1374 ait:

305 1418 404 1499 jacta
415 1416 498 1499 quod
501 1415 634 1496 fueritis
644 1437 664 1478 a
671 1416 824 1497 predicto
836 1421 941 1479 metro
955 1415 1179 1478 consacerdote
1194 1414 1319 1497 (nempe

316 1520 492 1601 Bonifaoiol
510 1520 619 1598 edocti,
639 1518 687 1582 ita
709 1519 901 1582 Catholiccm
920 1524 952 1581 ct
971 1518 1184 1599 Apostolicam
1206 1516 1318 1580 doctri·

314 1643 388 1686 uam
402 1628 545 1700 tenentes,
560 1623 693 1685 Domino
707 1623 774 1685 Deo
791 1623 951 1684 Salvatori
965 1627 1070 1684 nostro
1080 1621 1248 1702 phocatis,
1261 1620 1318 1696 cui,

316 1747 374 1808 ouo
388 1726 474 1790 uobis
488 1726 553 1790 loco
573 1726 617 1788 ad
634 1725 817 1789 celebranda
838 1725 968 1788 condita
983 1725 1143 1788 convenire
1157 1722 1320 1786 mandaue-

314 1830 369 1907 rit,
384 1829 552 1911 eiuejrcrta
562 1828 753 1906 Danubium,
768 1830 833 1892 aive
847 1829 881 1890 in
896 1829 1020 1892 ciuitate
1034 1828 1179 1908 Aupueta
1193 1828 1244 1890 vet
1255 1825 1318 1888 ubi-

316 1951 443 2015 cumquc
446 1932 647 2014 judicaverit,
657 1951 719 2012 pro
734 1932 856 1994 nomiae
873 1930 990 1994 Christi
998 1931 1111 2012 parati
1125 1950 1191 1993 ease
1205 1929 1318 1992 inveni-

316 2034 423 2098 amini.
458 2034 567 2100 Quare
582 2034 669 2119 quod
683 2033 794 2098 scribit
809 2033 995 2098 Bonifacius
1006 2034 1042 2096 in
1057 2055 1107 2117 ep.
1124 2032 1271 2096 XXVII.
1288 2052 1319 2094 se

317 2143 509 2222 exspectare,
525 2137 654 2221 quando
670 2136 840 2222 Synodum
858 2137 928 2201 fieri
947 2138 1066 2201 faceret
1083 2136 1237 2200 Pontifex
1257 2137 1318 2199 Bo·

316 2263 443 2319 manus,
458 2240 596 2324 intelligi
611 2263 678 2305 non
693 2247 801 2324 potest
815 2240 857 2304 de
872 2240 979 2323 aliqua
994 2240 1126 2326 Synodo
1139 2240 1176 2303 in
1189 2239 1319 2304 Germa·

315 2345 372 2407 nia
382 2345 526 2427 cogenda
534 2371 544 2424 ;
565 2366 638 2408 cum
649 2345 738 2407 locus
749 2350 783 2408 et
793 2351 922 2428 tempus
933 2342 1117 2409 indictionis
1129 2366 1149 2408 a
1160 2342 1318 2409 Bonifacii

316 2446 450 2511 arbitrio
464 2448 651 2531 penderent.
674 2447 730 2511 Au
740 2467 815 2511 vero
830 2469 869 2512 ea
885 2448 1034 2533 Synodus
1047 2448 1196 2512 Romana
1209 2456 1318 2532 postea

315 2548 428 2613 habita
441 2550 548 2628 firerit,
564 2551 674 2613 nullus
688 2557 834 2614 veterum
848 2550 988 2634 prodit.''
1004 2551 1058 2614 W.

359 2652 420 2735 Ep.
435 2655 489 2730 43,
510 2675 540 2736 p.
562 2656 614 2731 93,
633 2654 654 2716 l.
675 2655 716 2716 18
736 2656 956 2736 nostra-lege
979 2659 1086 2718 vestra
1112 2653 1198 2738 quod
1221 2653 1317 2718 habet

315 2755 369 2818 W.
385 2755 421 2818 in
435 2756 590 2839 margine.
626 2755 760 2821 Quanta
774 2756 817 2821 sit
831 2757 1001 2821 difficultas
1015 2757 1220 2822 discernendi
1234 2758 1318 2821 inter

316 2880 408 2923 voces
430 2867 540 2924 noster
561 2867 595 2924 et
616 2866 729 2938 vester,
746 2861 870 2924 nemini
885 2860 940 2944 qui
961 2861 997 2924 in
1019 2861 1184 2925 codicibus
1205 2882 1316 2924 manu-

317 2962 443 3046 scriptis
457 2970 601 3027 versatus
621 2964 672 3042 sit,
688 2963 838 3047 ignotum
858 2985 926 3028 esse
943 2971 1060 3047 potest.
1073 2981 1099 3009 =
1116 2965 1138 3027 l.
1155 2966 1197 3028 25
1214 2984 1318 3048 que-

316 3087 380 3129 om.
396 3068 449 3130 W.
466 3067 501 3130 in
515 3089 617 3151 marg.
629 3103 656 3130 =

358 3171 419 3253 Ep.
442 3173 495 3250 44,
518 3193 549 3255 p.
573 3174 626 3250 94,
649 3170 862 3254 lucarnam]
894 3169 993 3235 “Hic
1018 3178 1052 3235 et
1076 3192 1126 3254 ep.
1151 3170 1264 3236 CXIX
1286 3175 1318 3233 et

317 3272 461 3336 CXXIX
481 3274 563 3357 [ord.
573 3273 681 3357 Seru]
700 3273 833 3336 nomina
847 3273 935 3338 varia
948 3273 1100 3338 mendose
1114 3275 1270 3357 leguntur
1284 3274 1317 3338 in

315 3376 352 3438 Τ.
368 3378 399 3440 2.
417 3376 515 3440 Conc.
536 3376 642 3440 ethic
662 3376 791 3461 quidem
812 3376 883 3440 noti
903 3376 1062 3460 Thuringi
1081 3383 1115 3441 et
1136 3377 1244 3456 Hessi,
1264 3376 1317 3440 sed

315 3477 363 3540 illi
378 3484 475 3542 antea
488 3501 537 3562 ep.
554 3480 663 3542 LXII.
676 3479 811 3564 Tyringi
826 3501 876 3564 ep.
889 3480 1049 3544 XCVIII.
1062 3479 1187 3563 'Piringi
1203 3480 1317 3544 scribe·

315 3580 445 3643 bantur.
490 3582 642 3645 Borthari
660 3604 745 3663 vero,
761 3605 804 3646 an
819 3583 937 3667 Bojani
953 3590 1010 3647 aut
1025 3584 1190 3668 Bajoariii
1213 3583 1317 3668 potius

315 3684 399 3747 forte
415 3691 492 3748 sunt
508 3685 621 3749 Hassis
641 3686 844 3766 contermini,
861 3687 916 3770 qui
935 3686 1114 3770 Boraburg,
1132 3708 1190 3751 seu
1202 3694 1317 3751 vocant

314 3786 477 3869 Varburg,
500 3788 674 3854 ffiitzlariae
696 3796 730 3854 et
752 3789 931 3854 Padbomae
951 3791 1033 3854 fines
1054 3791 1213 3855 incolunt.
1258 3789 1315 3854 Ni-

315 3890 408 3954 stresi
430 3897 507 3955 sunt
529 3892 759 3957 occidentales:
785 3893 974 3957 Neustriam
996 3893 1084 3958 euim
1106 3900 1140 3958 et
1161 3895 1316 3958 Neustre-

316 3995 396 4059 aiam
420 4002 537 4059 vocant
563 4016 581 4059 e
605 3996 812 4080 scriptoribus
838 3996 937 4079 aliqui
966 3998 1154 4061 occidentale
1181 4018 1315 4081 reprom,

316 4097 401 4180 quod
421 4098 491 4160 aliis
511 4104 560 4162 est
579 4099 837 4177 Westerreichia,
853 4099 948 4163 sicuti
968 4121 986 4164 e
1006 4099 1168 4166 contrario
1184 4100 1317 4166 Austris

315 4200 380 4263 aive
410 4200 638 4264 OEsterreichia
673 4208 723 4265 est
755 4203 904 4266 orientale
938 4222 1075 4286 reguum,
1104 4209 1144 4267 ut
1177 4203 1317 4268 ostendit

315 4301 485 4366 Aimoinus
504 4304 526 4366 l.
542 4308 573 4366 4.
590 4324 617 4367 c.
635 4307 687 4368 57.
734 4305 855 4369 Beatus
874 4304 930 4369 lib.
947 4304 975 4368 I.
990 4305 1013 4370 f.
1030 4307 1083 4370 62.
1100 4310 1152 4372 75.
1170 4313 1205 4372 et
1224 4306 1316 4372 hodie

317 4404 402 4468 Galli
416 4405 566 4470 Austrice
583 4407 633 4469 vel
647 4407 780 4472 Austrio
803 4407 915 4472 dicunt
935 4429 993 4492 pro
1013 4410 1218 4476 Ostemeich:
1241 4431 1315 4495 gen-

315 4509 463 4593 tiumque
482 4510 614 4575 nomina
634 4511 812 4576 terminant
833 4513 910 4577 Itali
930 4513 1110 4578 etiamnum
1130 4514 1270 4580 libenter
1282 4515 1316 4578 in
