3259 5467
699 703 735 743 iu
754 700 941 745 0111101111.
1262 689 1323 752 201

319 864 417 925 quam
434 842 606 905 remotiore
628 841 786 924 cogitarat
797 867 806 919 3
840 842 926 905 unde
948 850 981 906 et
999 843 1228 927 Episcopatum
1250 848 1327 912 'Pra-

315 947 495 1029 jectensem
513 965 675 1022 recusans,
691 945 732 1007 ad
748 945 782 1007 S.
798 944 1045 1008 Willibrordum
1064 947 1150 1029 apud
1168 949 1326 1015 Willibal-

319 1048 398 1111 dum
413 1070 441 1112 c.
461 1050 511 1113 17.
527 1049 613 1111 inter
628 1054 744 1111 caetera
759 1047 824 1110 ait:
849 1049 918 1130 Epo
933 1049 1120 1130 Aposlalt'cae
1138 1052 1229 1115 Sedis
1244 1055 1326 1136 lepa-

319 1153 401 1214 tioae
407 1151 544 1234 saapeas
559 1151 603 1214 ad
619 1152 831 1214 Occidentaks
852 1151 1053 1216 barbarorum
1067 1155 1207 1235 repioaes
1221 1164 1328 1238 sponte

319 1262 378 1318 tua
393 1276 441 1318 010
456 1254 980 1336 110000109010001100111010001.
1026 1256 1162 1330 Barbari
1179 1257 1233 1323 hic
1248 1266 1325 1324 sunt

318 1358 437 1422 iterum
454 1358 609 1422 Germani
624 1357 688 1420 sive
705 1355 803 1421 Hessi
819 1364 852 1421 et
867 1358 1035 1441 Thuringi,
1052 1366 1085 1422 et
1100 1360 1325 1427 Occidentales

318 1483 430 1525 eorum
454 1462 603 1544 regiones
628 1460 746 1524 Hessia
771 1467 805 1524 et
828 1461 883 1524 illa
908 1461 1097 1545 Thuringia,
1118 1485 1214 1546 quam
1235 1487 1325 1530 nunc

318 1565 530 1628 Franconiam
552 1563 788 1627 nominamus.''
805 1564 859 1627 W.
905 1565 941 1627 P.
958 1567 1011 1628 50.
1030 1565 1051 1629 l.
1076 1567 1117 1627 14
1136 1567 1324 1648 patriciatus

318 1669 544 1731 “Senatorum
561 1666 619 1729 filii
636 1666 713 1730 olim
726 1667 860 1747 patricii
878 1667 965 1745 dicti,
981 1668 1072 1748 qaod,
1087 1676 1124 1731 ut
1148 1669 1193 1732 ait
1208 1671 1323 1734 Festus

318 1776 352 1833 et
366 1769 509 1832 Velleius
524 1768 723 1844 Paterculus,
732 1774 845 1849 patres
860 1769 941 1832 ciere
948 1775 1086 1849 possent.
1118 1771 1235 1834 Postea
1249 1792 1323 1836 vero

316 1872 477 1955 principes
497 1871 628 1954 quidam
648 1870 717 1948 viri,
733 1871 790 1956 qui
817 1878 874 1934 aut
896 1872 1132 1954 Imperatorum
1152 1874 1323 1938 consiliarii

318 1976 436 2038 summi
474 1981 531 2038 aut
564 1973 674 2057 populi
708 1973 842 2057 alicujus
880 1974 1049 2057 principes,
1084 1983 1324 2059 summotasque

318 2079 446 2155 summi,
463 2078 553 2161 qnasi
567 2076 711 2140 videlicet
726 2077 839 2140 Patres
854 2077 970 2155 forent,
986 2077 1166 2160 horumque
1181 2078 1322 2161 dignitas

318 2181 485 2246 dicebatur
518 2180 745 2244 Patriciatus.’'
779 2180 833 2242 W.
892 2180 987 2263 Ilia]
1031 2185 1052 2216 “
1067 2181 1236 2260 Baronius‚
1268 2183 1322 2265 qui

318 2285 436 2348 Leonis
456 2284 627 2367 imperium
641 2304 727 2346 anno
745 2304 812 2346 uno
833 2283 1028 2366 anticipavit,
1043 2283 1078 2347 in
1099 2285 1215 2347 harum
1235 2285 1322 2348 litte-

316 2409 427 2451 rarum
446 2387 592 2470 margine
607 2408 730 2450 annum
745 2386 864 2449 Leonis
884 2409 1008 2451 nonum
1022 2387 1091 2450 loco
1106 2387 1209 2450 octavi
1228 2400 1321 2451 nota·

317 2492 373 2569 vit,
398 2491 454 2553 sed
476 2511 653 2573 perperam.
697 2490 782 2554 Cum
812 2490 900 2553 enim
930 2491 997 2554 Leo
1026 2497 1060 2555 et
1085 2490 1321 2555 Constantinus

317 2595 387 2676 ejus
401 2593 486 2656 filius
501 2593 614 2658 eodem
631 2614 753 2671 mense,
769 2615 885 2676 nempe
901 2595 1024 2658 Martio
1042 2594 1119 2658 dicti
1134 2593 1200 2657 sint
1216 2592 1320 2678 Ι111110-

316 2708 449 2778 ratores,
464 2700 518 2763 ille
539 2721 625 2762 anno
640 2699 840 2777 DCCXVIL
855 2699 909 2763 hic
924 2722 1010 2764 anno
1024 2700 1187 2779 DCCXX,
1202 2700 1238 2763 in
1253 2721 1320 2764 om-

315 2805 412 2868 nibus
438 2803 725 2887 subscriptionibus
749 2804 828 2868 anni
853 2811 919 2867 tres
941 2804 1044 2868 Leoni
1065 2805 1202 2887 amplius
1224 2826 1321 2887 quam

317 2908 542 2986 Constantino,
558 2928 725 2990 nunquam
746 2927 822 2970 vero
849 2914 996 2989 quatuor,
1017 2906 1217 2970 tribuuntur.
1264 2908 1320 2971 Se-

315 3011 419 3074 rarius
447 3012 481 3073 10
510 3012 592 3074 notis
617 3012 661 3073 ad
683 3011 820 3074 eamdem
843 3012 1003 3091 epistolam
1026 3009 1123 3091 legit:
1145 3009 1321 3090 Imperaate

315 3117 397 3196 Aap.
421 3114 523 3178 Leoae
549 3135 629 3176 0000
653 3113 986 3192 octavo,Palriciatas
1009 3113 1177 3193 01010000
1202 3118 1319 3175 octauo.

315 3217 439 3281 Verum
463 3217 648 3281 consulatus
673 3238 794 3281 nomen
814 3216 947 3279 omnino
969 3214 1186 3293 retinendum,
1209 3214 1318 3296 legen-

316 3319 458 3403 dumque
483 3340 558 3382 cum
584 3319 765 3398 Sirmondo,
789 3339 869 3381 0000
896 3323 1012 3395 octauo,
1023 3321 1099 3398 post
1123 3316 1319 3378 Consulatum

315 3425 381 3506 q'us
405 3445 484 3487 0000
508 3430 624 3486 octavo.
672 3424 736 3486 Sed
758 3423 843 3507 quia,
869 3422 924 3505 qui
947 3421 1155 3485 decretalium
1185 3419 1319 3484 editioni

315 3526 452 3610 praefuit,
468 3526 627 3609 ignoravit
647 3549 666 3590 a
687 3533 832 3609 tempore
848 3525 1056 3590 Constantini
1071 3523 1231 3607 Pogonati
1251 3523 1318 3587 Im-

314 3638 476 3713 peratores
486 3638 537 3693 tot
548 3630 753 3708 Consulatus,
764 3636 843 3712 quot
852 3629 985 3712 Imperii
997 3649 1099 3692 annos
1114 3648 1317 3703 memorasse,

314 3733 354 3798 de
379 3733 539 3796 industria
556 3732 760 3797 consulatum
785 3731 989 3814 praetermisit
1001 3757 1009 3809 ;
1031 3732 1097 3795 imo
1122 3752 1227 3814 neque
1252 3730 1318 3794 Sir-

313 3837 452 3899 mondus
473 3836 509 3899 111
530 3836 592 3899 hoc
614 3857 767 3899 arcanum
787 3842 990 3918 penetrarat;
1021 3856 1096 3898 cum
1118 3836 1151 3897 10
1173 3835 1255 3897 actis
1274 3835 1321 3897 ad

313 3940 481 4002 iadr'calam
497 3940 692 4002 Sacramenta'
712 3938 910 4021 aBoaifacio
924 3940 1029 4001 Ramae
1048 3938 1125 4000 editt
1145 3937 1185 3999 de
1200 3937 1318 3999 Leonis

312 4041 447 4125 imperio
475 4049 509 4106 et
538 4043 707 4105 consulatu
736 4042 875 4106 scribat:
906 4042 970 4104 Lea
998 4041 1128 4103 Isauras
1156 4040 1318 4119 imperium

312 4146 385 4207 iniit
414 4146 497 4208 VIII
516 4145 679 4208 Kalendas
701 4146 827 4227 Aprilis
849 4151 879 4207 et
902 4164 983 4221 0100,
1006 4142 1238 4223 010010001ον0
1260 4147 1316 4220 est,

318 4247 516 4312 0000101010
527 4249 684 4329 proximis
704 4248 858 4311 Kalendis
878 4267 957 4309 0000
983 4245 1101 4309 Christi
1120 4244 1243 4307 1)ch
1246 4246 1314 4308 VII.

312 4349 354 4412 In
368 4350 482 4414 eodem
502 4351 672 4414 consulatu
690 4350 784 4415 haesit
798 4350 946 4414 Cointius
965 4349 987 4411 1.
1004 4369 1031 4411 0.
1047 4369 1080 4409 11.
1093 4347 1167 4410 XX.
1184 4354 1217 4410 et
1236 4369 1315 4431 prae·

311 4460 401 4517 terea
418 4476 541 4517 annum
557 4455 748 4518 Patriciatus
767 4476 842 4520 oum
860 4453 986 4518 Serario
997 4453 1095 4516 etiam
1109 4453 1315 4518 retinendum

311 4556 445 4636 putavit.
491 4559 615 4620 Verum
635 4557 850 4641 Imperatores
877 4581 897 4620 a
916 4555 1129 4620 Constantino
1150 4556 1315 4639 Pogonato

804 4683 824 4723 ο
