3259 5467
324 688 388 751 100
593 702 774 748 remmon
790 699 1056 747 ascnrserscorr

320 853 420 931 tione,
444 849 647 934 quodetiam
666 870 847 934 numquam
869 849 975 913 facere
997 848 1083 927 licet,
1104 847 1161 913 sed
1184 846 1284 913 etiam
1308 871 1326 913 a

320 955 465 1038 legitimo
480 953 630 1037 conjugio
650 974 684 1017 se
705 953 867 1017 abstineat
886 951 922 1015 in
944 937 1015 1015 istis
1031 951 1247 1035 quadraginta
1261 953 1326 1016 die-

320 1058 393 1123 bus.
437 1055 579 1141 Abjiciat
594 1055 741 1120 similiter
755 1077 775 1120 a
789 1076 823 1120 se
840 1056 930 1140 jocos
947 1055 1070 1119 ociosos
1085 1062 1118 1120 et
1132 1055 1232 1120 verba
1245 1077 1328 1120 vana

321 1166 355 1225 et
369 1160 487 1244 turpia,
499 1167 533 1224 et
547 1158 723 1223 meditetur
737 1158 789 1223 die
804 1179 844 1223 ac
856 1163 954 1223 nocte
968 1179 1064 1223 omne
1079 1179 1159 1242 opus
1174 1179 1270 1223 suum
1286 1159 1326 1223 ad

320 1263 450 1328 laudem
475 1263 610 1328 Domini
637 1262 741 1327 nostri
767 1263 848 1327 Jesu
877 1261 999 1326 Christi
1028 1268 1226 1341 convertere,
1251 1283 1326 1326 cum

321 1365 441 1430 sanctis
452 1365 651 1430 orationibus
666 1372 699 1430 et
713 1365 829 1455 vigiliis
845 1371 878 1431 et
894 1360 1114 1449 eleemosynis,
1126 1371 1159 1430 et
1174 1365 1210 1428 in
1226 1365 1325 1430 eecle-

322 1468 370 1533 sia
398 1468 674 1549 convenientibus,
702 1476 735 1534 et
765 1469 895 1552 quando
924 1469 966 1533 ad
994 1468 1162 1533 ecelesiam
1191 1468 1325 1546 venerit,

320 1578 415 1655 roget
438 1573 547 1636 Deum
572 1566 838 1656 omnipotentem,
863 1578 903 1636 ut
928 1572 1048 1655 dirigat
1075 1572 1159 1636 viam
1189 1571 1260 1654 ejus
1284 1571 1325 1634 ad

319 1673 421 1757 ipsius
434 1675 693 1754 voluntatem-et
707 1695 767 1738 sua
786 1673 950 1740 dimittere
966 1680 1097 1759 peccata
1111 1672 1274 1756 dignetur,
1290 1680 1324 1737 et

320 1776 455 1841 verbum
469 1777 533 1841 Dei
552 1775 693 1841 libenter
714 1775 835 1856 audiet,
851 1782 886 1841 et
907 1776 1045 1841 alterum
1066 1797 1135 1841 non
1156 1774 1322 1859 impediat,

319 1878 397 1963 qnia
418 1878 578 1946 Dominus
598 1900 658 1946 nos
684 1878 839 1944 admonet
863 1879 990 1945 dicens:
1018 1880 1121 1943 Petite
1142 1885 1174 1943 at
1197 1879 1324 1941 daddus

317 1982 412 2062 mdia,
427 1984 555 2065 write
573 1988 603 2047 et
622 1982 792 2061 iaomiets‘s,
806 1983 934 2064 pulsate
953 1988 984 2046 et
1004 1983 1161 2065 operietur
1177 1981 1273 2045 vobis.
1290 1988 1322 2048 et

317 2084 382 2150 ista
406 2093 519 2150 sancta
538 2085 665 2171 jejunia
685 2085 723 2155 in
744 2086 913 2154 voluntate
936 2085 1000 2152 Dei
1022 2106 1225 2170 peragamus,
1247 2085 1323 2169 quia

313 2189 477 2274 jejunium
496 2209 547 2254 res
569 2194 681 2253 sancte
700 2195 759 2267 est,
775 2209 856 2272 opus
876 2189 1015 2267 coeleste,
1031 2180 1117 2272 quod
1131 2189 1189 2272 qui
1208 2195 1323 2255 sancte

318 2292 396 2376 agit,
412 2292 483 2357 Deo
493 2291 645 2376 jungitur
659 2299 694 2357 et
708 2291 884 2377 spiritualis
899 2291 1045 2359 efficitur.
1079 2293 1143 2356 Per
1156 2291 1219 2355 hoo
1234 2291 1321 2361 enim

317 2401 569 2479 prosternuntur
581 2395 668 2474 vitia,
683 2395 875 2460 humiliatur
889 2417 973 2475 caro,
985 2395 1104 2460 diaboli
1118 2401 1323 2459 tentamenta

316 2495 502 2561 vincuntur.
547 2498 627 2563 Ideo
646 2499 809 2582 firgiamus
830 2499 940 2565 omnia
958 2498 1046 2578 vitia,
1063 2498 1321 2576 fornicationem,

317 2599 567 2679 immunditiam,
577 2601 791 2682 inimicitiam,
803 2602 1057 2682 contentionem,
1070 2601 1322 2681 aemulationem,

315 2702 407 2782 nam,
421 2703 535 2784 rixam,
551 2705 791 2786 dissentionem,
806 2705 1027 2785 homicidium,
1038 2704 1204 2785 invidiam,
1217 2705 1322 2770 ebrie.

316 2803 410 2885 tates,
431 2808 688 2888 comessationes,
712 2816 746 2874 et
768 2809 945 2877 habeamus
969 2809 1160 2873 charitatem
1184 2814 1218 2873 et
1242 2831 1322 2892 gau-

317 2911 417 2990 dium,
433 2922 545 2995 pacem
567 2919 600 2977 et
619 2913 911 2996 longanimitatem,
927 2912 1118 2998 patientiam
1138 2919 1172 2977 et
1191 2912 1320 2977 bonita-

316 3021 394 3094 tem,
407 3014 612 3081 “modestiam
641 3024 675 3080 et
703 3017 950 3095 continentiam,
979 3023 1018 3082 ut
1046 3015 1199 3083 instructi
1225 3015 1322 3080 bonis

316 3119 475 3202 operibus,
490 3120 618 3184 vincere
640 3120 802 3184 valeamus
825 3126 1029 3188 tentamenta
1051 3119 1179 3198 diaboli,
1198 3126 1232 3183 et
1254 3139 1322 3183 ore·

315 3243 403 3289 scere
431 3222 468 3286 in
496 3223 612 3288 timore
638 3223 710 3302 Dei,
737 3230 771 3287 et
796 3231 942 3289 nuncet
968 3244 1094 3308 semper
1119 3224 1189 3308 ejus
1214 3223 1321 3291 facere

314 3325 525 3391 voluntatem.
541 3327 617 3411 qnia
637 3325 788 3393 omnibus
806 3327 894 3391 horis
911 3333 1041 3412 ¹oportet
1060 3348 1121 3391 noa
1140 3347 1211 3390 esse
1224 3347 1321 3390 orna·

313 3435 366 3496 toa
383 3434 420 3492 et
442 3429 626 3512 splendidos
649 3437 683 3495 et
705 3429 846 3496 maxime
866 3430 902 3494 in
922 3431 994 3495 istis
1015 3430 1077 3496 XL
1099 3429 1223 3508 diebus,
1244 3429 1320 3513 qnia

313 3531 350 3594 in
372 3531 433 3608 his,
448 3538 486 3596 ut
510 3533 656 3615 superius
681 3533 830 3614 diximus,
856 3534 934 3598 anni
956 3534 1059 3598 nostri
1083 3532 1224 3598 decimas
1247 3535 1320 3598 Deo

315 3633 390 3700 dare
415 3633 580 3699 debemus.
624 3636 753 3705 Fratres
778 3637 946 3718 carissimi,
970 3638 1167 3701 mundemus
1193 3656 1320 3719 semper

314 3757 429 3820 corpus
448 3745 481 3801 et
501 3737 652 3816 animam,
667 3747 706 3805 ut
727 3741 764 3804 in
784 3741 866 3806 hora
887 3741 992 3809 exitus
1014 3740 1118 3806 nostri
1130 3740 1206 3804 ⁴Deo
1227 3739 1318 3823 digni

314 3839 526 3918 inveniamur,
556 3846 590 3904 et
618 3840 652 3904 in
683 3842 736 3906 die
761 3843 885 3927 judieii,
912 3864 988 3908 cum
1017 3836 1180 3907 Dominus
1208 3851 1320 3906 noster

314 3943 411 4011 Jesus
434 3942 582 4011 Christus
605 3945 729 4010 venerit
754 3947 791 4012 in
815 3947 986 4030 majestate
1011 3967 1070 4010 sua
1094 3967 1169 4015 eum
1194 3945 1320 4028 angelis

314 4045 390 4124 suis,
406 4067 588 4112 mereamur
602 4047 643 4111 ad
658 4048 756 4112 vitam
774 4055 929 4114 aeternam
948 4049 1067 4128 venire,
1083 4055 1118 4114 et
1131 4047 1176 4112 ibi
1191 4067 1320 4131 semper

312 4147 407 4214 beata
428 4150 543 4229 vivere,
558 4150 686 4221 ubiest
708 4159 797 4217 certa
815 4154 980 4234 securitas,
1000 4173 1114 4226 semare
1134 4149 1316 4234 maceilli-

313 4259 375 4333 tas,
389 4253 566 4337 tranquilla
579 4255 775 4339 jocunditas,
790 4256 867 4321 felix
887 4257 1060 4336 aeternitas,
1069 4262 1200 4321 ¹aeterna
1215 4252 1325 4327 felici·v

313 4363 373 4434 tas,
387 4354 446 4419 nbi
465 4363 515 4420 est
535 4378 626 4422 amor
644 4359 815 4442 perfectus,
831 4360 930 4427 timor
950 4351 1071 4439 nullus,
1087 4365 1210 4426 aterna
1230 4357 1317 4421 salas

314 4458 477 4537 exuberat,
503 4460 622 4524 veritas
648 4469 784 4546 regnat,
804 4464 862 4527 ubi
888 4485 951 4529 neo
973 4464 1057 4533 fallit
1086 4461 1231 4546 quisque,
1256 4480 1318 4525 nec

314 4559 444 4640 fellitam,
470 4561 528 4654 ubi
553 4570 630 4628 sunt
655 4566 764 4632 omnia
788 4566 875 4633 bona
898 4568 1058 4640 Dominus
1081 4572 1195 4631 noster.
1211 4565 1319 4629 ..lesus
