3259 5467
619 707 772 750 lucrosa
790 708 1016 756 wmmaanno.
1253 690 1317 757 157

313 845 518 910 formidabat.
563 847 711 929 Cumque
730 847 934 931 omnipotens
950 851 1039 914 Deus
1062 850 1155 915 solita
1175 872 1241 916 non
1256 852 1316 916 im·

312 971 440 1013 memor
472 950 599 1032 pietatis
631 971 697 1012 suae
731 951 910 1030 elementia,
942 975 1068 1016 servum
1098 977 1193 1018 suum
1222 962 1316 1019 tanta

313 1052 416 1115 animi
449 1075 596 1136 pressura
628 1054 862 1136 perturbatum,
894 1063 927 1119 et
957 1057 1051 1120 anxio
1084 1059 1179 1121 vellet
1209 1058 1317 1123 dolore

314 1156 447 1239 eripere,
464 1163 496 1220 et
507 1157 688 1240 jucundum
705 1158 794 1240 gregi
811 1159 984 1242 praevidere
999 1158 1236 1243 Magisterium,
1249 1162 1318 1244 jam

314 1259 441 1342 praefati
454 1259 620 1323 Antistitis
640 1281 717 1342 erga
735 1261 850 1324 fratres
871 1261 1027 1326 intestina
1045 1264 1131 1327 facta
1151 1271 1199 1328 est
1218 1264 1318 1327 medi-

314 1363 418 1427 tatio:
440 1370 473 1426 et
488 1363 581 1427 bonae
595 1362 713 1427 indolis
732 1363 846 1443 virum,
861 1365 994 1429 nomine
1015 1366 1227 1450 Stephanum,
1243 1368 1319 1432 huic

314 1465 486 1549 praesidere
510 1466 587 1530 fecit
610 1467 771 1545 Ecclesiae,
796 1475 829 1530 et
853 1475 1002 1532 sanctum
1027 1469 1114 1533 huno
1138 1470 1242 1534 virum
1261 1493 1320 1554 per

314 1570 428 1652 longas
448 1570 715 1653 peregrinationis
736 1571 803 1634 vias
825 1571 872 1635 ire
894 1573 1055 1636 volentem
1078 1573 1119 1637 ad
1140 1573 1211 1638 loca
1231 1573 1319 1638 inco·

314 1673 438 1736 lumem
461 1673 622 1737 destinata
644 1673 771 1737 direxit.
826 1674 892 1740 Qui
913 1675 1060 1758 protinus
1083 1676 1213 1759 quidem
1234 1676 1317 1740 vale-

315 1777 426 1840 dicens
445 1776 598 1840 fratribus
618 1778 779 1860 profectus
800 1785 858 1856 est,
874 1779 1045 1863 locumque
1062 1801 1119 1863 per
1137 1780 1235 1862 longa
1253 1788 1317 1843 ter-

314 1902 424 1943 rarum
441 1881 543 1964 spatia
558 1881 613 1963 qui
624 1880 691 1964 jam
713 1881 865 1964 praedicto
880 1881 997 1945 dicitur
1011 1883 1142 1946 nomine
1157 1881 1317 1945 Londem‘-

315 1984 408 2063 wine,
433 1985 498 2047 voti
523 2005 651 2068 compos
674 1984 763 2061 adiit,
781 1991 814 2048 et
837 1984 950 2049 celocis
972 1985 1119 2050 celeriter
1139 1985 1317 2068 marginem

314 2088 483 2166 scandens,
502 2087 599 2170 coepit
615 2088 743 2170 ignotas
767 2088 865 2151 maris
883 2095 1010 2152 tentare
1030 2088 1115 2152 vias:
1138 2087 1316 2171 tripudian-

314 2189 467 2272 tibusque
486 2188 605 2266 nautis,
627 2189 785 2252 immensa
803 2189 887 2253 Coro
910 2190 1010 2253 flante
1030 2188 1160 2253 carbasa
1186 2210 1316 2253 consur-

316 2292 447 2375 gebant,
482 2299 515 2355 et
555 2293 651 2375 pleno
687 2297 793 2370 vento,
836 2313 1050 2376 prosperoque
1091 2313 1197 2370 cursu,
1236 2293 1319 2356 ostia

316 2395 457 2459 fluminis
478 2394 582 2474 citius
598 2394 683 2478 quod
704 2395 822 2458 dicitur
840 2395 956 2469 Cuent,
978 2395 1066 2459 omni
1083 2395 1152 2480 jam
1172 2403 1317 2478 expertes

314 2500 449 2583 periculi
478 2499 646 2581 naufragio
676 2499 856 2582 aspiciunt:
895 2506 928 2563 et
958 2498 999 2563 ad
1029 2499 1152 2564 aridam
1183 2499 1317 2583 sospites

314 2612 435 2666 terram
449 2602 649 2687 perveniunt.
682 2602 746 2665 Sed
761 2609 794 2666 et
814 2609 919 2666 castra
933 2604 1047 2667 metati
1060 2602 1097 2667 in
1112 2603 1316 2667 Ouentawic:

315 2707 419 2770 donec
447 2706 672 2789 superveniens
702 2727 736 2769 se
765 2706 960 2788 collegarum
983 2707 1158 2772 multitudo
1184 2728 1316 2791 congre-

314 2818 430 2892 gasset.
490 2809 712 2892 Omnibusque
741 2809 893 2889 collectis,
917 2811 1141 2895 persingulas
1170 2832 1314 2896 quosque

315 2913 393 2991 dies,
415 2913 605 2976 imminente
626 2913 751 2997 hyemis
768 2913 896 2996 frigore,
911 2913 1043 2996 profecti
1064 2921 1159 2977 sunt:
1181 2915 1314 2977 multas-

314 3038 378 3099 que
408 3024 591 3080 sanctorum
614 3016 772 3080 Ecclesias
802 3017 924 3080 orando
954 3017 1112 3095 adierunt,
1134 3023 1172 3079 ut
1201 3017 1314 3095 tutius,

314 3120 494 3202 opitulante
521 3119 705 3198 altithrono,
727 3120 848 3204 Alpina
870 3120 991 3183 nivium
1009 3120 1090 3203 juga
1109 3118 1315 3182 transcende·

314 3229 398 3302 rent,
413 3223 763 3306 Longobardorumque
779 3245 856 3306 erga
870 3223 940 3287 illos
955 3222 1191 3286 humanitatem
1205 3221 1314 3285 mitius

313 3327 493 3390 sentirent:
531 3326 734 3410 militumque
763 3326 955 3390 malitiosam
985 3326 1141 3410 superbiae
1169 3324 1315 3388 ferocita-

313 3439 380 3493 tem
396 3430 520 3493 facilius
540 3430 722 3494 evaderent.
752 3429 899 3513 Cumque
919 3437 1104 3493 sanctorum
1119 3429 1315 3511 suffragante

313 3533 502 3616 patrocinio,
525 3541 558 3597 et
580 3533 721 3597 Domino
744 3534 814 3597 Deo
835 3534 1049 3616 dispensante,
1072 3533 1176 3596 omnis
1199 3531 1315 3616 quippe

313 3636 427 3700 cohors
451 3636 730 3700 contubernalium
755 3636 922 3700 comitatui
947 3637 1045 3720 hujus
1067 3636 1170 3701 sancti
1188 3636 1247 3699 viri
1266 3637 1315 3700 in-

312 3741 449 3818 haerens,
464 3740 576 3803 hmina
591 3742 630 3803 B.
642 3740 732 3803 Petri
743 3741 890 3823 Apostoli
905 3761 1055 3824 prospere
1066 3761 1234 3824 aggressus
1245 3747 1314 3804 est:

312 3845 486 3907 immensas
516 3843 626 3907 statim
656 3843 785 3907 Christo
806 3864 865 3927 pro
888 3845 1039 3928 sospitate
1069 3866 1180 3908 eorum
1209 3851 1315 3927 grates

311 3947 506 4031 persolvunt,
523 3954 620 4030 atque
639 3946 817 4010 Ecclesiam
839 3947 872 4010 S.
889 3947 978 4011 Petri
999 3946 1156 4030 Principis
1177 3946 1315 4029 Aposto-

311 4051 418 4114 lorum
440 4072 559 4134 magno
580 4071 654 4113 cum
677 4049 794 4131 gaudio
811 4049 957 4134 ingressi,
977 4049 1183 4114 abolitionem
1205 4051 1315 4132 pecca-

311 4155 439 4219 minum
469 4154 689 4238 postulantes:
728 4153 851 4217 diversa
880 4154 1010 4237 quidem
1038 4173 1176 4215 munera
1204 4172 1315 4215 eorum

310 4257 539 4341 quamplurimi
560 4257 756 4320 detulerunt.
800 4257 982 4321 Transactis
998 4264 1105 4320 autem
1121 4253 1233 4317 diebus
1247 4275 1315 4318 non

311 4360 433 4438 multis,
458 4362 596 4424 Sanctus
617 4360 679 4424 iste
700 4359 748 4423 vir
776 4359 991 4424 venerabilem
1014 4358 1097 4422 sedis
1121 4357 1315 4441 Apostolioae

310 4465 431 4547 Papam
450 4463 554 4527 beatae
573 4463 734 4527 memoriae
753 4464 945 4546 Gregorium
967 4485 987 4527 a
1005 4463 1108 4546 primo
1126 4461 1313 4539 secuudum,
1437 4473 1444 4490 ·

308 4575 344 4630 et
359 4567 530 4630 novissimo
545 4565 683 4650 priorem
699 4566 814 4631 affatus
829 4574 888 4645 est,
905 4567 961 4649 qui
976 4573 1008 4630 et
1020 4565 1181 4648 ardgarica
1196 4565 1312 4628 Roma

627 4732 640 4779 Ι
