3259 5467
313 691 379 753 254
593 707 687 750 aona
702 706 743 748 aa
759 705 876 747 vania
892 702 1086 747 anemonas,

314 869 384 911 rum
406 849 504 911 solent
527 847 664 911 enneeri
689 850 721 909 et
743 847 832 908 honio
854 845 942 908 nimis
963 843 1115 926 immerpi.
1166 841 1228 915 Qui
1241 841 1319 902 -dum

315 952 516 1033 immerpitnr,
531 957 635 1014 ratum
649 950 710 1013 erit
723 955 828 1012 votum
835 948 957 1029 populi.

359 1054 439 1118 XII.
461 1055 511 1116 De
530 1051 817 1134 incantationibus]
848 1048 1024 1132 Praestigiis
1046 1047 1182 1131 magieis
1204 1046 1319 1110 illusio.

318 1155 492 1238 Speculum
509 1155 702 1218 Saxonicum
716 1153 772 1217 lib.
788 1156 820 1217 2.
837 1159 897 1216 art.
911 1154 963 1216 13.
978 1153 995 1237 i
1012 1151 1050 1215 6:
1074 1151 1197 1233 Siquis
1216 1149 1319 1212 Giris-

317 1259 422 1321 tianus
437 1305 445 1321 .
463 1305 470 1320 .
489 1258 737 1338 apostataverit
755 1258 804 1320 vet
821 1276 967 1320 nmmum
986 1255 1082 1317 alictii
1097 1252 1321 1318 ministraverit

318 1366 374 1424 ant
392 1362 598 1423 intentaverit
617 1366 674 1423 ete.
719 1359 800 1423 Vita
816 1359 850 1422 S.
866 1357 1031 1442 Praajeoti:
1048 1357 1322 1420 eum-mattatenas

319 1485 340 1526 a
354 1465 480 1526 medicis
501 1465 550 1527 uei
569 1463 814 1526 incantatoribus
834 1462 983 1525 medelam
1002 1461 1154 1542 cmuepui‘
1166 1460 1320 1522 vutunset.

318 1567 489 1649 Fredegar.
510 1567 586 1650 epit.
607 1587 634 1629 o.
650 1569 689 1629 9:
729 1565 931 1628 Mammatiem
943 1562 1086 1646 faotione
1104 1562 1321 1644 Fredepunda,

319 1671 370 1734 cui
384 1670 571 1752 reputabant
578 1669 683 1751 fitium
696 1689 855 1749 mamper
869 1669 1108 1732 incantationem
1123 1664 1322 1747 interfecisse,

309 1775 410 1856 jussit
428 1794 486 1836 ren
503 1774 680 1854 suppittare.
725 1772 815 1835 Tom.
838 1772 906 1835 III.
928 1771 1049 1835 Concil.
1071 1769 1211 1852 Hispan.
1232 1791 1264 1850 p.
1287 1771 1323 1833 7:

320 1879 370 1940 De
384 1898 418 1940 eo
434 1877 516 1959 quod
527 1897 589 1938 non
604 1877 696 1939 liceat
714 1875 925 1939 sacerdotibus
942 1874 994 1937 net·
1008 1875 1130 1938 eteritis
1148 1874 1324 1935 incantatu-

321 2001 375 2043 ros
389 1981 438 2042 aet
451 1980 544 2042 etiam
559 1979 735 2041 contrarias
749 1979 904 2060 lipatnras
910 1975 1029 2058 faeere.

365 2083 465 2147 XIII.
488 2084 538 2144 De
552 2082 692 2163 anpniiis
705 2083 755 2144 oet
772 2082 875 2144 aniam
893 2081 943 2145 aet
959 2099 1103 2162 equorum
1116 2079 1168 2142 net
1184 2099 1225 2141 er
1241 2078 1325 2142 baum

322 2191 456 2250 stercore
470 2186 519 2248 vet
531 2185 778 2267 sternutatione]
794 2183 936 2247 'Tacitus
950 2182 995 2247 >de
1013 2180 1170 2265 Augen-iis
1191 2182 1325 2246 Germa-

322 2310 440 2352 norum
456 2288 511 2366 ait,
526 2288 609 2370 quod
621 2288 762 2368 auspicio
776 2293 942 2371 sortesque,
956 2291 991 2349 ut
1007 2287 1065 2368 qui·
1075 2286 1212 2348 maaime
1226 2285 1325 2348 obser·

323 2396 403 2457 vent.
450 2390 542 2454 Idem
557 2396 735 2454 memorat:
758 2391 873 2455 Anium
884 2409 989 2467 voees,
1002 2390 1182 2471 volatusque
1196 2389 1326 2452 interro-

319 2515 399 2576 pare
413 2495 577 2574 proprium
589 2495 700 2574 peritis,
717 2513 862 2577 equorum
875 2513 992 2577 qumque
1008 2493 1166 2575 prosapia
1181 2510 1220 2555 aa
1233 2492 1328 2555 moni-

325 2603 376 2663 tus
408 2597 553 2676 experiri.
614 2596 788 2679 Procopius
821 2596 878 2660 lib.
914 2596 974 2659 IV.
1011 2595 1089 2659 belli
1123 2595 1257 2659 Gothiei
1288 2594 1327 2658 de

327 2698 551 2779 Hermegisolo
585 2698 772 2762 Varnorum
805 2699 842 2762 iu
875 2698 1077 2782 Westphalia
1104 2718 1183 2781 rege
1213 2719 1327 2781 agene:

318 2802 415 2885 farte,
439 2801 555 2883 inquit,
579 2803 807 2884 Hermapiselns
833 2822 901 2865 eum
935 2802 1109 2866 Varnorum
1131 2802 1329 2885 principibus

320 2926 382 2989 per
397 2925 489 2986 apros
503 2906 643 2986 equitans
657 2926 743 2968 anem
756 2905 983 2987 niueumque
996 2925 1105 2968 sonore
1119 2906 1327 2982 crocitantem,

327 3010 391 3072 siae
405 3014 508 3071 antem
520 3009 672 3071 intetleait
692 3008 827 3071 aetnaeis
845 3029 969 3086 sonum·
977 3008 1041 3071 sine
1054 3009 1184 3073 aliunde
1197 3010 1328 3085 edoctus,

329 3113 439 3175 ominis
459 3113 551 3174 istius
561 3110 660 3192 finiit
678 3112 874 3190 intellectam,
891 3110 1030 3174 omnibus
1047 3113 1100 3196 qni
1118 3111 1264 3190 oderant,
1272 3132 1329 3194 pa

329 3217 392 3278 tam
406 3216 514 3294 ediiit,
525 3220 599 3295 post
614 3215 680 3276 dies
695 3215 904 3297 quadrapinta
917 3216 988 3278 oitae
1001 3214 1062 3278 sibi
1075 3215 1196 3279 instare
1206 3217 1329 3292 snitum,

330 3320 367 3382 id
378 3320 438 3382 sibi
457 3339 542 3381 avem
555 3319 737 3399 prodicere.
783 3320 899 3383 Restat
918 3318 1331 3401 hodiedum··superstitiosa

331 3422 417 3505 apud
436 3422 611 3485 nonnullos
630 3421 747 3503 opinio,
764 3421 851 3505 quod
871 3422 1015 3504 ipsorum
1032 3421 1161 3487 instans
1177 3422 1254 3486 vteae
1268 3421 1329 3486 exi-

331 3531 385 3587 tus
413 3524 635 3606 portendatur,
660 3524 687 3586 si
712 3523 876 3588 hubonem
902 3525 1097 3597 clamantem
1121 3542 1222 3607 prope
1251 3525 1330 3589 aedes

332 3626 475 3688 audiant.
532 3627 582 3689 De
611 3626 766 3708 Auguriis
796 3648 962 3710 equorum·
980 3626 1129 3691 Tacitus:
1168 3628 1332 3709 Proprium

329 3730 416 3809 penti
445 3749 589 3809 equorum
621 3750 738 3811 quoqne
764 3733 922 3812 praesepia
955 3749 993 3794 aa
1025 3731 1160 3794 manitus
1189 3732 1331 3814 experiri.

332 3831 460 3894 Publice
475 3834 602 3895 aluntur
622 3833 732 3896 iisdem
751 3834 785 3896 in
804 3833 977 3896 nemoribus
995 3853 1034 3897 ae
1053 3834 1334 3912 tumentatitios

333 3935 417 3998 natio
446 3937 572 3998 mortali
598 3956 687 4017 opere
713 3938 857 4015 contacti,
882 3957 956 4022 qnos
975 3954 1102 4018 pressas
1126 3956 1218 4000 sacro
1244 3958 1334 4001 maru

334 4040 478 4101 sacerdos
500 4059 538 4102 ae
556 4060 613 4102 ren
635 4042 684 4103 vet
699 4042 848 4122 princeps
874 4041 1011 4118 ciuitatis
1025 4041 1335 4118 mmitantufflnnni·

336 4149 442 4224 tusqne
465 4163 503 4205 ae
518 4142 666 4223 fremitus
689 4144 861 4207 obsonant.
905 4145 973 4208 Neo
995 4145 1053 4206 nili
1076 4144 1216 4226 auspicio
1240 4145 1337 4226 major

329 4245 420 4327 fides,
436 4267 497 4308 non
518 4247 616 4308 solnm
639 4248 724 4328 apud
738 4247 870 4328 plebeae,
895 4247 951 4311 sed
975 4247 1060 4329 apud
1076 4266 1235 4329 properes,
1256 4247 1338 4329 apud

336 4340 530 4422 sacerdotes;
571 4370 604 4412 se
637 4352 718 4412 enim
750 4352 907 4414 ministrae
934 4352 1071 4414 Deorum
1103 4350 1176 4414 illes
1202 4351 1337 4423 eonsdoe

331 4458 458 4532 patant.
505 4453 661 4516 Germani
678 4475 745 4516 non
764 4454 873 4516 miuus
894 4475 932 4518 ex
951 4452 1074 4518 receuti
1087 4452 1337 4525 boumatereore

335 4553 583 4637 ¹augurabantur
597 4557 702 4620 fausta
720 4578 914 4634 successum,
930 4578 969 4620 ex
988 4564 1096 4621 vetem
1110 4559 1338 4623 vero-iufamia
