3259 5467
314 680 377 745 152
671 696 752 740 v1ra
770 694 948 739 nourrncu

313 839 461 924 operibns
476 843 635 922 quantum
655 837 715 902 sub
735 836 876 921 regulari
895 836 1180 920 monasterialique
1196 858 1309 920 praeva-

312 946 375 1009 luit
397 942 605 1021 districtione,
624 963 719 1026 opere
739 941 870 1025 penitus
891 961 928 1004 ac
945 941 1113 1005 voluntate
1133 939 1310 1004 deserviret.

315 1048 379 1113 Sed
391 1055 424 1112 et
439 1054 599 1111 nocturna
612 1045 795 1129 vigiliarum
810 1044 914 1128 spatia
928 1044 1079 1108 omnibus
1094 1043 1184 1108 boris
1198 1064 1310 1127 praeve·

313 1152 415 1230 niens,
432 1150 583 1215 orationis
604 1170 648 1229 se,
665 1149 830 1227 sollicitus,
846 1147 1004 1211 laboriosa
1020 1148 1210 1230 operatione
1229 1168 1311 1210 exer·

312 1256 389 1320 cuit.
435 1255 536 1338 Cujus
551 1275 611 1318 nec
626 1253 817 1337 patientiam
838 1252 887 1314 ira
906 1250 1077 1335 subripuit,
1092 1272 1154 1315 nec
1168 1249 1311 1333 longani-

313 1359 460 1424 mitatem
482 1359 573 1421 furor
594 1356 775 1432 commovit,
800 1376 860 1419 nec
881 1353 982 1419 libido
1003 1353 1242 1418 continentiam
1263 1374 1311 1417 er-

314 1462 479 1547 pugnavit,
502 1483 563 1525 nec
585 1459 813 1525 abstinentiam
834 1457 1058 1542 gastrimargia
1078 1457 1211 1522 violavit
1221 1482 1232 1535 3
1261 1455 1317 1519 sed-

315 1567 363 1631 ita
380 1566 469 1631 omni
491 1586 525 1629 se
542 1564 658 1649 jejunii
677 1563 863 1646 frugalitate
882 1561 1074 1645 subjugavit,
1090 1568 1128 1625 ut
1149 1561 1264 1624 vinum
1283 1565 1319 1622 et¹

316 1670 449 1734 siceram
477 1690 545 1732 non
573 1667 698 1746 bibens,
724 1666 892 1749 utriusque
920 1664 1109 1729 testamenti
1134 1663 1314 1728 imitaretur

315 1779 432 1856 patres,
454 1778 580 1835 etcum
601 1770 730 1854 egregio
750 1770 898 1852 gentium
921 1767 1040 1831 diceret
1058 1767 1209 1831 doctore:
1244 1767 1315 1829 Goe-

315 1880 380 1959 tipo
395 1895 505 1957 empus
518 1895 617 1937 meum
631 1880 661 1937 et
680 1874 823 1937 :aaran
840 1872 978 1954 sulpicio,
993 1891 1031 1934 ae
1042 1870 1131 1953 forte
1149 1871 1224 1933 aliis
1236 1890 1314 1952 prc-

316 1981 433 2059 dicons,
448 1980 514 2060 ipse
527 1979 675 2061 reprobos
688 1978 814 2062 efficiar.

318 2294 433 2357 Canus
448 2293 509 2357 IV.
553 2293 603 2356 De
617 2313 651 2356 eo
666 2292 749 2374 quod
761 2291 800 2354 ab
812 2289 950 2354 omuibus
958 2289 1149 2371 primatos
1162 2291 1206 2353 sit
1220 2292 1314 2354 duec-

394 2402 443 2460 tus
458 2396 502 2458 od
517 2397 606 2474 (ἔθυέ,
621 2401 652 2459 et
666 2396 865 2478 quodpostea
880 2394 925 2457 od
936 2393 1076 2456 Flesiom
1084 2394 1240 2475 persenit.

362 2598 538 2661 Connacra
563 2619 639 2681 ergo
665 2600 799 2683 sparsim
822 2603 968 2685 superius
990 2601 1191 2666 sublimitate
1216 2600 1316 2665 saneti

318 2701 414 2786 hujus
429 2702 488 2765 viri
502 2702 669 2780 virtutum,
686 2703 813 2767 silentio
837 2726 908 2788 quae
925 2705 1167 2788 subsequuntur
1187 2704 1316 2768 minime

317 2805 594 2891 praetermittenda
613 2807 819 2885 aestimamus,
840 2830 911 2891 quae
929 2817 962 2873 et
982 2809 1127 2873 fidelium
1148 2808 1315 2872 didicimus

318 2909 474 2972 relatione
489 2908 639 2986 viromm,
652 2916 684 2972 et
698 2910 870 2975 manifesta
884 2912 1032 2996 equidem
1048 2912 1217 2995 scripturae
1230 2918 1315 2995 pate·

317 3013 457 3077 factione
468 3033 596 3077 exerere
612 3035 779 3077 curamus:
804 3022 926 3097 quanta
940 3038 1069 3080 suarum
1081 3015 1317 3099 perseverantia

318 3117 444 3196 virium,
463 3125 496 3181 et
518 3117 630 3201 coeptis
652 3115 746 3180 bonis
767 3117 956 3183 inhaereret:
980 3127 1013 3185 et
1035 3119 1077 3183 ad
1099 3118 1163 3183 alia
1185 3138 1317 3203 quaeque

318 3221 435 3286 festine
449 3221 649 3305 properando
665 3221 808 3284 animum
823 3222 983 3288 incitaret.

364 3324 511 3407 Cumque
530 3324 650 3388 diutius
666 3331 809 3388 mentem
826 3347 922 3410 supra
936 3326 1132 3391 enumeratis
1146 3324 1316 3390 virtutibus

320 3426 494 3504 edomaret,
510 3435 543 3491 et
558 3428 598 3490 de
614 3428 665 3491 die
684 3427 720 3490 in
740 3427 826 3491 diem
849 3429 889 3492 ad
908 3429 1022 3493 altiora
1039 3429 1203 3494 bonorum
1224 3429 1316 3493 docu-

319 3537 431 3594 menta
446 3529 505 3593 sub
520 3531 672 3614 praedicto
687 3552 721 3596 se
735 3532 976 3616 presbyteratus
998 3533 1102 3616 modu
1120 3533 1316 3619 perveheret,

316 3634 385 3717 jam
410 3641 567 3716 regnante
587 3634 629 3697 In
654 3636 819 3699 Saxonum
846 3637 954 3719 Rege:
978 3636 1148 3701 subitanea
1171 3637 1316 3721 quaedam

319 3735 510 3799 incubuerat
525 3757 607 3800 nova
622 3737 760 3820 quadam
776 3737 933 3802 seditione
948 3746 1058 3803 exorta
1072 3739 1264 3804 necessitas:
1286 3746 1317 3802 et

319 3839 428 3903 statim
443 3839 595 3924 synodale
610 3863 629 3903 a
650 3840 841 3924 primatibus
864 3842 1079 3921 ecclesiarum,
1096 3863 1173 3906 cum
1188 3842 1317 3907 consilio

317 3943 461 4027 praedicti
491 3944 589 4027 Regis
619 3966 781 4008 servorum
811 3945 874 4010 Dei
904 3946 1026 4010 factum
1058 3931 1108 4010 e'st
1138 3946 1316 4011 oondlium.

318 4049 462 4130 Moxque
484 4049 634 4113 omnibus
655 4049 691 4112 in
709 4070 812 4112 unum
831 4047 1096 4114 convenientibus
1111 4049 1318 4115 saluberrima

320 4150 435 4214 dehac
450 4152 572 4216 recenti
592 4152 790 4216 dissensione
809 4153 935 4217 consilii
953 4153 1097 4236 quaestio,
1112 4153 1202 4219 inter
1221 4174 1318 4219 sacer·

319 4254 441 4317 dotales
457 4256 661 4320 ecclesiastici
676 4256 797 4320 ordinis
812 4256 930 4340 gradim
946 4255 1106 4340 sapienter
1120 4258 1273 4337 exoritur,
1287 4263 1319 4321 et

319 4357 520 4440 prudentiori
534 4359 616 4423 inito
632 4361 791 4439 consultu,
808 4360 917 4424 fideles
939 4360 974 4423 in
997 4359 1129 4424 domino
1144 4361 1268 4444 legatos
1281 4358 1319 4425 ad

319 4460 567 4545 Archiepiscopo
582 4463 766 4526 Cantuariae
780 4464 927 4542 civitatis,
943 4464 1075 4529 nomine
1091 4464 1318 4541 Bertwaldnm,

321 4563 527 4628 destinandos
557 4565 766 4649 deputarunt,
791 4589 833 4631 ne
856 4589 966 4633 eorum
996 4568 1244 4652 presumptioni,
1268 4574 1320 4632 aut
