3259 5467
316 717 360 781 36
603 734 771 778 nounscn
785 733 1033 779 sacmsrrsoorr

318 877 453 942 cutiaut.
499 876 565 942 Qui
579 896 653 941 vero
668 897 707 940 ex
721 875 835 939 Iisdem
849 874 970 939 fuerint
984 876 1157 959 progeniti,
1174 875 1216 941 ad
1230 877 1314 941 testi·

318 981 463 1046 monium
478 979 609 1045 atentia
623 979 830 1061 generatione
846 978 1077 1043 admittuntur.

653 1265 704 1329 De
719 1265 980 1330 commutatione.

362 1386 454 1450 XVI.
479 1385 705 1464 Commutatio,
721 1384 749 1448 si
768 1406 835 1448 non
855 1385 952 1449 fuerit
966 1406 1024 1468 per
1044 1384 1109 1448 vim
1124 1386 1175 1449 vel
1195 1391 1315 1450 metum

318 1496 452 1568 extorta,
467 1490 566 1553 talem
582 1488 709 1572 qualem
724 1494 757 1552 et
772 1488 893 1574 emptio
907 1488 1025 1552 habeat
1039 1488 1239 1553 firmitatem.

688 1775 739 1839 De
753 1775 949 1860 fidejussore.

361 1895 474 1960 XVII.
498 1895 534 1958 si
551 1895 622 1978 quis
637 1900 801 1959 contemto
821 1895 1007 1978 fidejussore
1025 1894 1206 1960 debitorem
1224 1917 1315 1959 suum

315 2005 427 2064 tenere
442 2000 601 2078 maluerit,
616 1999 782 2083 fidejussor
802 2004 836 2062 et
855 1999 957 2062 haeres
976 1998 1045 2082 ojus
1065 2021 1085 2062 a
1103 1999 1315 2084 fidejussionis

315 2103 443 2168 vinculo
457 2102 645 2167 liberantur.

606 2390 656 2453 De
670 2389 813 2472 personis
824 2390 1031 2474 judiciorum.

358 2509 490 2574 XVIII.
513 2510 556 2572 In
581 2509 710 2592 judiciis
742 2517 881 2592 quatuor
915 2512 1035 2576 debent
1065 2533 1133 2576 esse
1163 2535 1314 2597 personae,

316 2619 490 2690 accusator,
517 2611 674 2690 defensor,
701 2618 810 2692 testes,
834 2614 944 2698 judex,
965 2622 1131 2679 accusator
1151 2617 1202 2680 uti
1223 2616 1315 2681 debet

315 2719 497 2783 intentione
512 2717 553 2780 ad
568 2716 825 2800 amplificandam
843 2739 982 2795 causam,
998 2719 1147 2783 defensor
1163 2727 1313 2785 extenua-

313 2822 402 2886 tione
416 2822 458 2886 ad
472 2820 691 2899 minuendam,
706 2827 805 2885 testes
820 2820 965 2902 veritate,
978 2822 1079 2906 judex
1093 2822 1258 2906 aequitate.

611 3109 662 3171 De
678 3108 805 3192 agnatis
821 3114 852 3172 et
868 3108 1023 3192 cognatis.

357 3229 451 3294 XIX.
473 3228 596 3312 Agnati
608 3235 694 3307 sunt,
705 3228 761 3312 qui
774 3250 832 3313 per
843 3229 967 3292 virilem
982 3251 1093 3292 sexum
1103 3228 1314 3310 descendunt,

313 3333 452 3417 cognati,
469 3333 524 3416 qui
538 3354 595 3415 per
611 3331 809 3396 foemincum.
855 3334 899 3396 Et
921 3332 994 3396 ideo
1008 3332 1116 3416 patrui
1135 3333 1187 3396 vel
1206 3342 1314 3417 patru-

313 3458 406 3501 orum
421 3435 478 3498 filii
495 3443 528 3498 et
546 3434 657 3516 agnati
672 3442 749 3498 sunt
771 3442 805 3499 et
825 3436 965 3518 cognati.
1010 3436 1173 3500 Avunculi
1192 3458 1268 3502 vero
1282 3443 1314 3501 et

314 3540 545 3606 avunculorum
559 3539 617 3604 filii
632 3541 762 3623 cognati
776 3548 863 3620 sunt,
878 3564 947 3606 non
962 3541 1083 3626 agnati.

662 3828 712 3892 De
726 3827 807 3892 falsa
822 3836 963 3893 moneta.

357 3945 435 4011 XX.
457 3947 507 4011 De
528 3945 609 4010 falsa
630 3956 762 4013 moneta
779 3949 941 4034 jubemus,
966 3956 1004 4014 ut
1026 3949 1082 4033 qui
1104 3969 1175 4012 eam
1201 3971 1311 4034 percu·

313 4051 389 4115 sisse
411 4050 635 4134 comprobatus
656 4051 765 4130 fuerit,
784 4073 902 4116 manus
922 4053 952 4117 ei
972 4059 1176 4136 amputetur3
1204 4060 1238 4118 et
1258 4053 1312 4138 qui

312 4155 373 4224 hoc
394 4154 565 4233 consensit,
580 4155 608 4217 si
626 4154 781 4235 liberast,
798 4157 966 4240 sexaginta
989 4156 1106 4221 solidos
1121 4165 1310 4242 componat:

312 4259 339 4322 si
354 4280 472 4338 servus,
488 4258 653 4343 sexaginta
666 4259 750 4324 ictus
765 4261 910 4346 accipiat.
