3259 5467
312 689 353 749 32
598 702 766 747 nonnacn
781 701 1028 746 ancnncrrscorr·

306 1296 309 1302 ⁴
449 1269 478 1330 7.
504 1284 695 1328 coucrmun
712 1284 847 1327 menan.
899 1265 1003 1348 [cruc.
1020 1283 1087 1326 an.
1105 1261 1195 1344 745]

327 1477 505 1557 Capitulcre
533 1478 645 1540 incerti
674 1479 748 1539 anni
768 1477 875 1539 dutum
896 1478 930 1539 in
954 1476 1079 1558 synoda
1104 1475 1155 1538 cni
1180 1471 1318 1555 interfuit

518 1579 700 1662 Bonifatius
714 1581 888 1662 apostolica
901 1580 984 1643 cedis
998 1581 1126 1661 legatus.

374 1776 499 1860 [Cnseo
509 1799 632 1842 annum
642 1777 761 1842 Christi
773 1777 973 1842 DCCXLIV
985 1775 1146 1841 Zachariae
1155 1796 1247 1859 papae
1256 1771 1317 1836 111.

328 1878 499 1945 Childerioi
513 1881 581 1945 III.
597 1881 681 1964 regis
696 1880 757 1965 ΙΙ.]

656 1985 823 2068 Incipiunt
839 1984 997 2068 Capitula.

371 2088 399 2151 Ι.
423 2089 474 2153 De
489 2074 633 2172 exposito
647 2088 782 2153 infante.

370 2191 418 2254 II.
441 2192 492 2256 De
507 2192 680 2275 trigesimis
696 2198 908 2255 mortuorum.

371 2294 439 2358 III.
462 2296 513 2358 De
528 2295 662 2358 muliere
677 2295 780 2359 enixa.

370 2397 431 2460 IV.
454 2397 506 2461 De
520 2397 652 2475 clericis,
668 2398 723 2481 qui
737 2419 863 2462 comam
877 2396 1036 2460 nutriunt.

371 2499 413 2563 V.
438 2498 487 2563 De
502 2499 729 2580 sacerdotibus,
745 2501 801 2584 qui
817 2501 1008 2584 demigrant.

371 2602 432 2665 VI.
456 2603 507 2666 De
520 2603 590 2668 loco
604 2603 761 2667 laicorum
773 2604 809 2667 in
825 2603 967 2668 ecclesia.

373 2708 453 2772 VII.
476 2707 527 2770 De
542 2706 638 2771 servis
653 2708 850 2772 clericorum.

372 2810 471 2874 VIII.
494 2811 545 2874 De
559 2810 759 2875 invasoribus
773 2832 882 2876 rerum
897 2810 1048 2876 ecclesiae.

375 2913 436 2977 IX.
459 2914 510 2977 De
524 2914 637 2996 regula
651 2914 866 2979 collectarum.

375 3017 417 3080 X.
440 3017 491 3081 De
506 3017 701 3100 professione
717 3016 928 3083 sacerdotum.
1030 3010 1031 3013 ¹

375 3121 436 3186 XI.
460 3121 511 3185 De
525 3127 720 3186 testamento
734 3121 946 3186 sacerdotum.

259 3295 263 3300 f
375 3224 456 3288 XII.
479 3226 530 3289 De
545 3225 800 3290 archi-diaconis.

376 3328 476 3393 XIII.
499 3329 550 3392 Dc
565 3328 830 3412 compositoribus
845 3330 1043 3407 cantionum.

377 3431 470 3495 XIV.
493 3432 544 3495 De
559 3432 655 3495 modo
670 3434 872 3497 sacramenti.

378 3535 451 3597 XV.
475 3535 525 3598 De
539 3532 672 3613 libertis,
687 3541 725 3598 ut
740 3557 807 3622 non
822 3537 887 3600 sint
902 3543 1009 3601 testes.

379 3636 472 3700 XVI.
496 3637 547 3700 De
562 3639 824 3704 commutatione.

380 3741 493 3805 XVII.
516 3741 567 3805 Dc
582 3740 777 3826 fidejussore.

380 3844 511 3909 XVIII.
534 3844 586 3909 De
600 3846 743 3927 personis
754 3847 961 3931 judiciorum.

380 3948 472 4013 XIX.
496 3948 547 4011 De
562 3949 689 4030 agnatis
704 3959 737 4014 et
752 3951 905 4034 cognatis.

380 4053 454 4117 XX.
478 4052 528 4117 De
542 4050 625 4114 falsa
639 4060 779 4117 moneta.

380 4155 473 4219 XXI.
499 4154 549 4219 De
564 4155 732 4219 homicidis
749 4157 789 4220 ad
804 4156 971 4221 ecclesiam
987 4156 1260 4238 confugientibus.

379 4258 491 4323 XXII.
515 4259 566 4323 De
580 4259 770 4325 latronibus.

380 4362 512 4426 XXIII.
535 4363 586 4426 De
602 4363 653 4426 die
669 4364 850 4427 Dominico.

381 4466 506 4529 XXIV.
531 4466 581 4528 De
596 4473 705 4550 empto
720 4489 740 4530 a
754 4467 835 4531 fure.

381 4569 484 4632 XXV.
510 4570 559 4632 Dc
575 4569 679 4634 alieno
694 4570 826 4635 animali
841 4570 953 4635 occiso.
