3259 5467
395 717 436 779 74
663 732 843 777 commen
862 730 1127 776 aacnrnrrseorr

391 900 466 962 ceps
480 880 573 962 regni
588 879 650 943 Dei
664 879 699 943 in
714 879 825 943 futuro
840 899 991 942 essenon
1006 877 1126 962 poterit
1134 901 1144 954 3
1167 882 1201 941 et
1217 897 1277 941 nos
1292 876 1400 940 humi-

391 982 437 1045 les
453 989 486 1046 et
500 983 614 1062 infimi,
629 989 734 1047 vestro
749 989 860 1046 tamen
875 1003 982 1046 amore
999 987 1032 1046 et
1053 980 1270 1045 sollicitudine
1286 1002 1399 1064 provo·

392 1085 466 1163 cati,
481 1093 650 1169 propterea
671 1086 741 1150 haec
762 1085 851 1149 vobis
874 1085 1144 1162 enumeravimus,
1167 1091 1206 1147 ut
1228 1083 1342 1147 nullus
1365 1104 1399 1146 se
1432 1091 1440 1103 “

393 1195 532 1267 excuset,
548 1188 693 1266 dicendo,
713 1189 834 1253 Nescio
856 1189 943 1252 inter
961 1188 1087 1252 bonum
1107 1194 1140 1251 et
1162 1187 1297 1264 malum,
1313 1187 1400 1250 inter

390 1292 517 1374 justum
539 1292 729 1370 discernere,
750 1291 858 1356 nescio
881 1291 959 1375 quid
981 1291 1154 1368 dimittam,
1172 1288 1250 1372 quid
1271 1289 1398 1366 faciam,

393 1395 493 1458 Nunc
516 1417 592 1478 ergo
616 1397 732 1458 diverte
756 1417 775 1457 u
802 1396 893 1472 meio,
918 1394 1002 1458 sicut
1030 1393 1186 1477 scriptum
1210 1400 1269 1471 est,
1295 1399 1326 1457 et
1342 1393 1400 1474 fue

395 1498 512 1560 bouum.
535 1500 663 1584 inquire
671 1519 791 1580 pacem,
807 1504 838 1561 et
852 1518 977 1580 sequere
992 1517 1080 1569 eum,·
1104 1495 1190 1581 quod
1205 1496 1234 1559 si
1248 1496 1397 1573 feceritis,

395 1599 567 1682 adaugebit
591 1601 680 1665 vobis
704 1602 865 1665 Dominus
890 1601 1090 1665 intellectum
1114 1605 1148 1664 et
1171 1598 1337 1678 virtutem,
1361 1606 1398 1662 ut

395 1702 492 1766 etiam
507 1705 632 1787 potiora
646 1712 679 1769 et
693 1706 816 1789 majora
832 1705 939 1767 divina
953 1704 1108 1767 mandata
1121 1702 1242 1766 discere
1253 1708 1287 1767 et
1299 1702 1399 1766 adim-

385 1806 481 1888 ·plere
496 1807 636 1886 valeatis,
654 1814 686 1871 et
709 1829 778 1871 non
801 1809 906 1871 solum
927 1807 1027 1884 vobis,
1049 1806 1076 1870 si
1099 1806 1134 1868 in
1156 1805 1226 1869 istis
1249 1805 1398 1889 operibus

391 1908 515 1991 jugiter
534 1931 635 1994 usque
661 1910 696 1974 in
720 1912 819 1974 finem
844 1910 1061 1993 perseveretis,
1086 1915 1219 1991 peccata
1245 1908 1398 1987 dimittet,

395 2012 450 2075 sed
470 2020 503 2076 et
523 2021 682 2078 aeternum
703 2021 736 2078 et
756 2015 886 2079 coeleste
903 2035 1042 2096 regnum
1058 2011 1149 2095 quasi
1168 2011 1243 2075 filiis
1263 2013 1399 2096 propriis

395 2114 527 2194 tribuet,
547 2124 583 2180 ut
606 2119 686 2195 sitis,
710 2118 793 2182 sieut
821 2116 898 2180 dicit
920 2116 1105 2200 Apostolus,
1128 2115 1256 2178 heredes
1279 2117 1399 2198 quidem

395 2218 468 2294 Dei,
485 2220 647 2282 coheredes
662 2224 764 2281 autem
781 2218 910 2280 Christi.

438 2321 469 2384 6.
493 2321 659 2385 Christum
681 2321 779 2384 etiam
799 2320 917 2384 Filium
939 2318 1002 2383 Dei
1020 2326 1193 2383 venturum
1219 2320 1343 2386 credite
1366 2321 1398 2384 in

397 2423 448 2486 die
468 2423 581 2506 judicii
600 2424 745 2506 judicare
759 2425 845 2487 vivos
868 2429 900 2486 et
922 2430 1077 2502 mortuos,
1093 2423 1176 2486 sicut
1198 2423 1267 2506 ipse
1290 2445 1398 2489 ascen-

397 2525 476 2588 dens
491 2527 525 2589 in
541 2528 658 2590 eoelum
673 2549 731 2611 per
746 2527 876 2609 angelos
891 2526 1041 2609 apostolis
1052 2526 1226 2605 mandavit,
1240 2527 1297 2610 qui
1313 2527 1397 2591 dixe·

395 2635 493 2692 runt:
518 2631 573 2692 Sic
590 2632 689 2694 ueniet
709 2631 961 2712 quemadmodum
982 2630 1108 2693 uidistis
1125 2651 1202 2708 eum,
1227 2636 1349 2694 euntem
1367 2632 1398 2693 iu

396 2733 512 2797 coelum.
557 2733 649 2798 'Punc
669 2734 790 2797 videbit
811 2755 886 2797 eum
909 2732 1013 2796 omnis
1036 2754 1119 2812 caro,
1136 2734 1219 2797 sicut
1242 2735 1398 2818 propheta

396 2835 491 2898 dicit:
521 2837 643 2900 Videbit
657 2839 755 2900 ommis
770 2857 843 2900 curo
854 2838 992 2899 salutare
1006 2837 1076 2899 Dei.
1122 2835 1221 2920 Impii
1235 2836 1347 2902 vident
1361 2845 1397 2902 ut

396 2938 533 3002 timeant
560 2963 655 3024 quem
682 2940 904 3023 despexerunt,
930 2940 985 3003 sed
1009 2961 1076 3004 non
1100 2939 1299 3022 gaudebunt,
1325 2943 1397 3025 quia

396 3043 550 3124 gaudium
573 3045 608 3106 in
630 3044 723 3107 illurn
745 3066 812 3106 non
834 3043 1028 3120 habuerunt,
1045 3042 1128 3107 sicut
1151 3043 1395 3126 scriptumest:

399 3146 538 3210 Tollutur
566 3150 687 3230 impius,
717 3169 755 3210 ue
783 3148 888 3210 uideat
914 3148 1048 3226 pierium
1073 3147 1143 3209 Dei.
1198 3147 1291 3212 Tunc
1317 3149 1395 3232 justi

396 3249 619 3316 discernentur
634 3252 674 3315 ab
690 3251 806 3335 impiis,
824 3250 879 3333 qni
898 3251 933 3312 in
954 3251 1015 3315 hoe
1036 3250 1152 3314 saeculo
1166 3252 1396 3334 premebantur

396 3352 436 3415 ab
459 3355 545 3436 ipsis.
592 3355 699 3437 Impii,
722 3354 817 3417 utin
840 3353 994 3438 supplicio
1020 3353 1154 3418 carceris
1181 3354 1301 3418 diaboli
1324 3378 1395 3420 cum

396 3456 465 3539 ipso
480 3458 674 3539 puniantur:
695 3458 788 3541 justi,
803 3464 842 3521 ut
864 3458 898 3520 in
921 3478 1020 3540 regno
1035 3458 1099 3521 Dei
1120 3479 1195 3521 cum
1214 3458 1285 3541 ipso
1303 3460 1395 3542 glori·

396 3565 502 3621 entur.
549 3560 718 3642 Recipient
732 3561 824 3644 impii
843 3581 985 3644 corpora,
1001 3567 1039 3624 ut
1055 3581 1128 3624 cum
1144 3560 1221 3644 ipsis
1236 3561 1272 3624 in
1286 3583 1395 3646 perpe·

396 3669 491 3722 tuum
514 3684 587 3724 eum
610 3662 727 3746 quibus
748 3669 967 3747 peccaverant,
988 3663 1182 3726 crucientur.
1229 3665 1396 3750 Recipient

398 3763 492 3827 Recti
507 3766 528 3827 J
531 3766 595 3828 usti
617 3788 757 3850 corpora,
772 3768 868 3830 utin
891 3766 1007 3851 quibus
1030 3767 1101 3830 Deo
1122 3766 1261 3831 fideliter
1284 3769 1395 3832 servie-

397 3865 487 3946 bant,
503 3868 537 3930 in
553 3869 629 3952 ipsis
645 3893 665 3933 a
679 3871 750 3934 Deo
770 3869 1018 3934 misericorditer
1032 3869 1213 3934 mercedem
1229 3871 1395 3955 accipiant.

397 3971 519 4035 Omnes
544 3980 624 4036 tunc
648 3980 828 4057 resurgent,
852 3973 935 4036 sicut
959 3974 1133 4056 Apostolus
1158 3973 1253 4038 dicit:
1289 3975 1398 4038 Omuer

396 4096 597 4158 resurgemus,
613 4078 670 4140 sed
686 4099 747 4141 uum
770 4097 872 4141 omues
889 4077 1127 4156 immutabimur,
1148 4077 1225 4160 quia
1242 4077 1301 4140 soli
1318 4078 1398 4161 justi

397 4178 439 4241 ad
454 4179 589 4261 gloriam
605 4180 822 4245 mutabuntur
830 4207 839 4259 ;
864 4186 936 4244 tuuc
955 4180 1052 4258 ibuut,
1069 4181 1152 4244 sicut
1166 4181 1296 4244 Veritas
1312 4181 1398 4259 dicit,

397 4283 486 4363 impii
507 4285 540 4346 iu
559 4286 743 4366 supplicium
764 4290 920 4362 eternum,
927 4285 1011 4366 justi
1029 4290 1131 4347 eutem
1145 4285 1178 4346 iu
1195 4285 1291 4347 vitum
1312 4290 1398 4348 eter-

397 4407 479 4448 rmm.
525 4387 616 4450 'l'unc
639 4387 811 4470 fulgebunt
835 4387 916 4470 justi
939 4387 1022 4451 sieut
1047 4386 1093 4450 sol
1118 4386 1154 4449 in
1176 4407 1278 4470 regno
1299 4386 1399 4470 patris

399 4509 520 4567 eorum,
535 4489 581 4552 ibi
605 4491 667 4554 erit
692 4490 758 4553 vita
783 4511 858 4554 cum
885 4491 956 4554 Deo
980 4490 1048 4553 sine
1070 4489 1186 4553 timore
1207 4490 1332 4569 mortis,
1355 4488 1399 4553 ibi

397 4591 454 4655 lux
475 4591 671 4672 indeficiens,
692 4600 725 4657 et
747 4615 927 4676 numquam
948 4593 1102 4673 tenebrae,
1122 4593 1169 4657 ibi
1193 4593 1279 4657 salus
1303 4614 1398 4678 quam
