3259 5467
325 674 391 735 250
581 692 674 734 uorsa
692 693 732 734 uu
749 693 864 736 vuum
881 695 1076 740 uacmouus.

327 835 399 896 Non
413 835 475 896 sint
491 834 623 914 aupuria
638 833 672 894 in
686 833 796 910 lsrael,
812 853 868 896 nee
886 833 1059 898 obseruatio
1075 837 1109 900 in
1124 837 1214 900 aomo
1229 839 1326 903 Jacob.

326 939 379 1001 Ila
395 943 425 1000 et
439 958 459 999 a
474 937 561 1000 nobis
576 936 742 998 cavendum
762 956 826 999 esse
846 956 1009 1017 cernemus,
1026 945 1062 1003 ut
1081 942 1179 1004 nullis
1197 944 1329 1024 aupariis

327 1042 375 1104 rel
388 1040 650 1104 obseruationibus
665 1039 860 1102 attendamus
868 1067 879 1114 ;
902 1042 977 1123 quia
997 1042 1103 1106 omnia
1118 1045 1184 1108 hoee
1199 1045 1328 1108 abscissa

328 1164 391 1206 esse
414 1164 433 1204 a
449 1143 597 1224 patribus
619 1163 723 1205 sumus
745 1143 856 1222 edocti,
877 1151 907 1207 et
931 1147 1003 1226 quia
1019 1166 1082 1226 per
1105 1148 1330 1230 instipotionen

327 1247 444 1308 dioboli
466 1250 577 1309 iterum
592 1246 800 1328 pullulabant,
823 1269 843 1310 a
866 1247 925 1326 alie,
941 1269 1003 1333 qua
1025 1270 1081 1312 nos
1093 1251 1196 1332 jussit
1218 1252 1329 1315 Divina

332 1350 510 1427 Clementia,
527 1371 701 1432 quanquam
720 1351 868 1414 immeriti
887 1353 1065 1431 euistamus,
1085 1355 1222 1434 apostoli
1240 1356 1330 1418 ohan

324 1473 441 1534 perere,
458 1455 528 1515 ilieo
544 1455 646 1516 omnia
661 1456 726 1517 hae
740 1456 974 1536 amputavimus.
1020 1457 1103 1519 Pari
1118 1459 1231 1521 etenim
1246 1458 1329 1520 nolo

325 1557 462 1618 uolumus
477 1562 562 1618 tuam
576 1559 771 1621 sanctitatem
780 1559 907 1640 populis
916 1559 977 1622 sibi
990 1559 1137 1642 subjectis
1145 1561 1328 1642 predicare,

326 1659 370 1720 ael
381 1661 464 1721 uiam
479 1666 598 1722 aterna
606 1662 778 1741 perducere
792 1662 873 1725 uita.
912 1663 998 1724 Nam
1012 1669 1043 1726 et
1056 1670 1174 1727 saneta
1188 1665 1329 1727 reeorda-

325 1765 418 1826 tionis
425 1765 663 1845 predecessoris
677 1770 769 1847 atque
783 1765 950 1828 nutritoris
964 1767 1064 1828 nostri
1078 1767 1227 1848 Greporii
1237 1766 1329 1847 Papa

325 1868 539 1930 constitutione
554 1868 656 1930 omnia
671 1869 735 1929 hae
747 1868 804 1948 pie
819 1873 911 1950 atque
923 1867 1062 1948 fideliter
1076 1876 1242 1950 amputata
1261 1876 1328 1932 sunt

324 1976 354 2032 et
370 1971 432 2032 alia
451 1970 572 2032 diversa
595 1971 788 2050 quamplura,
805 1991 871 2052 qua
891 1970 1013 2033 diabolo
1029 1978 1213 2053 supperente
1226 1973 1327 2054 pullu

324 2072 430 2135 labant
445 2073 478 2134 in
494 2073 611 2136 Christi
627 2073 710 2150 ouili,
722 2073 809 2154 orpus
824 2073 925 2136 instar
933 2093 995 2154 pro
1010 2073 1095 2136 illius
1103 2075 1219 2156 populi
1232 2077 1327 2138 salute

324 2175 458 2256 diripere
473 2175 705 2238 maturavimus.

366 2277 426 2339 IV.
449 2279 501 2341 De
521 2278 635 2340 casulis
654 2277 690 2339 iol
707 2282 762 2356 est,
775 2276 891 2360 fanis]
920 2277 1055 2356 Casmae,
1075 2299 1173 2361 parva
1194 2279 1325 2342 delubra

322 2379 393 2441 Diis
419 2387 613 2457 consecrata,
640 2401 707 2443 non
734 2401 772 2444 ex
797 2379 957 2463 lapidibus
987 2380 1041 2443 sed
1072 2402 1111 2444 ex
1140 2380 1242 2464 ligno,
1265 2381 1324 2444 levi

323 2502 418 2563 opera
438 2490 471 2545 et
494 2483 604 2565 paucis
629 2483 789 2547 sumtibus
811 2483 967 2547 confecta.
1015 2483 1047 2546 S.
1064 2482 1257 2547 Ambrosius
1277 2506 1323 2566 ep.

324 2587 384 2648 29:
408 2586 485 2666 quial
497 2592 543 2648 est
557 2591 637 2648 eninr
651 2588 713 2649 nisi
719 2586 842 2668 fanum,
858 2588 892 2650 in
907 2608 965 2669 quo
985 2592 1030 2650 est
1051 2593 1217 2651 conuentus
1227 2589 1325 2670 penti-

321 2688 404 2749 lium.
451 2689 702 2752 Commodianus
725 2689 818 2753 instr.
835 2692 896 2754 24:
920 2691 988 2752 auis
1009 2689 1081 2752 inde
1094 2689 1193 2772 foris,
1216 2691 1325 2753 iterum

321 2795 375 2852 tua
389 2791 472 2871 fana
486 2793 628 2874 requiris.
674 2793 809 2857 Carolus
829 2793 878 2856 M.
894 2793 929 2855 in
951 2792 1108 2875 Capitol:
1130 2793 1272 2857 Primum
1287 2794 1323 2856 ae

320 2895 487 2975 majoribus
523 2897 667 2977 capitulis
700 2899 758 2960 hoe
783 2897 908 2978 placuit
941 2896 1089 2974 omnibus,
1124 2902 1161 2960 ut
1193 2898 1324 2960 ecclesie

323 2998 531 3085 Christique
545 3002 634 3063 modo
654 3006 873 3063 construuntur
892 3000 927 3063 in
946 3000 1087 3063 Souania
1104 3004 1136 3062 et
1150 3001 1219 3063 Deo
1238 3021 1323 3081 sepa-

319 3108 397 3164 rata
418 3109 499 3181 sant,
518 3125 579 3166 non
600 3106 748 3166 minorem
769 3104 903 3167 habeant
924 3105 1078 3180 honorem,
1100 3103 1159 3165 secl
1178 3104 1323 3184 majorem

320 3212 350 3268 et
364 3208 615 3285 eneellentiorem,
631 3229 722 3288 quarn
728 3207 812 3289 fana
827 3208 1003 3271 habuissent
1017 3207 1181 3270 idolorum.

362 3309 404 3373 V.
427 3311 476 3372 De
492 3311 672 3392 Sacrilepiis
679 3332 741 3391 per
751 3311 936 3394 Ecclesias]
965 3309 1098 3376 Carolus
1113 3309 1164 3373 M.
1177 3309 1214 3374 in
1230 3309 1321 3394 Capi-

318 3413 378 3476 tul.
391 3415 430 3476 2:
455 3415 491 3476 Si
506 3415 575 3495 quis
589 3416 747 3477 eeclesiam
755 3435 817 3496 per
827 3414 1003 3478 uiolentiam
1014 3413 1182 3477 intraverit
1196 3419 1228 3477 et
1242 3415 1276 3476 in
1286 3434 1321 3477 eo

310 3536 372 3596 per
386 3516 448 3578 rino
465 3517 514 3578 ael
523 3515 641 3597 furtim
659 3518 781 3599 aliquid
800 3517 963 3581 abstulerit
981 3518 1031 3580 uel
1048 3519 1147 3598 ipsam
1163 3517 1321 3580 eeclesiam

317 3618 388 3699 ipue
410 3621 600 3698 cremaverit,
621 3626 718 3684 morte
741 3622 902 3684 moriatur.
947 3621 996 3683 De
1008 3621 1096 3702 feris
1117 3639 1156 3682 aa
1178 3619 1320 3682 barbaris

316 3721 451 3783 moribus
470 3728 500 3785 et
520 3723 703 3787 erudelitate
721 3731 856 3788 aeterum
874 3724 1095 3787 Cermanmum
1115 3726 1146 3785 et
1162 3723 1319 3787 sanonum

315 3824 518 3906 Epinharelus
532 3829 564 3889 in
578 3828 643 3890 uita
662 3829 767 3892 Caroli
781 3827 905 3908 Mapni.
930 3827 1078 3904 Sauones,
1094 3825 1213 3908 inquit,
1228 3826 1318 3889 murti

316 3949 418 3992 omnes
429 3930 501 4010 fere
518 3932 715 3994 Germaniam
731 3932 896 3994 incolentes
909 3931 1050 3993 nationes
1064 3935 1094 3991 et
1108 3935 1226 3992 natura
1232 3929 1317 4012 fero·

315 4052 365 4095 ees
379 4039 410 4096 et
424 4035 519 4098 cultui
534 4036 701 4098 termnum
716 4034 814 4098 dediti
829 4040 998 4115 nostraque
1008 4033 1151 4115 relipioni
1166 4032 1317 4096 contrarii

314 4157 409 4218 neque
420 4138 525 4201 diuina
536 4159 630 4221 neque
641 4141 775 4202 humana
780 4139 861 4221 jura
871 4137 921 4201 ael
926 4137 1067 4218 polluere
1077 4136 1127 4199 uel
1140 4136 1316 4218 transprerli

313 4240 504 4303 inhonestum
524 4242 728 4305 arbitrantur.
788 4240 874 4304 Talis
893 4239 995 4323 igitur
1013 4237 1133 4303 ferocia
1151 4243 1187 4301 et
1204 4238 1314 4302 crude·

312 4345 385 4408 litas
400 4345 529 4427 capitali
543 4366 640 4428 poena
654 4344 858 4428 reprimenda
873 4349 907 4408 et
921 4341 1097 4407 cairoenda
1111 4347 1192 4404 arat.

354 4448 414 4511 VI.
438 4450 492 4512 De
505 4451 606 4512 saeris
619 4450 767 4512 silvarum
782 4468 848 4531 qua
862 4447 1008 4509 Nimialas
1021 4443 1157 4527 vocam]
1186 4443 1312 4508 Tacitus

312 4555 351 4616 da
366 4577 446 4617 mor.
464 4555 539 4617 Ger.
557 4554 619 4616 ait:
644 4554 726 4616 lueos
741 4573 779 4615 ao
793 4572 918 4615 nemora
931 4553 1111 4614 oonsearunt
1126 4566 1165 4611 aa
1179 4547 1310 4611 Deorum
