3259 5467
619 698 771 743 auoroau
788 698 1015 741 wrxxruaano.
1250 683 1313 744 149

357 845 505 930 Cumque
513 851 588 909 voto
599 846 695 908 simul
711 852 743 908 et
758 851 867 909 mente
883 845 1113 929 omnipotentis
1128 844 1189 908 sibi
1205 845 1314 909 adesse

312 949 512 1014 incessanter
533 971 652 1032 magna
668 970 801 1031 precum
822 949 979 1013 instantia
999 949 1188 1031 suffragium
1205 956 1313 1033 postu-

312 1052 406 1129 laret,
422 1052 555 1117 tandem
571 1051 678 1114 divina
689 1052 814 1116 coelitus
824 1052 1001 1135 inspirante
1014 1052 1125 1135 gratia,
1136 1053 1177 1116 ad
1188 1074 1315 1116 monas·

312 1156 433 1219 terium
450 1156 535 1238 quod
549 1177 651 1238 usque
670 1154 766 1218 hodie
780 1155 948 1219 Nutscelle
968 1155 1095 1234 dicitur,
1110 1156 1264 1238 pervenit,
1282 1162 1315 1220 et

312 1258 417 1323 beatae
443 1258 607 1322 memoriae
635 1257 800 1322 Winberti
828 1257 974 1337 Abbatis,
1006 1259 1061 1342 qui
1090 1259 1314 1323 venerabiliter

311 1363 503 1446 praedictum
520 1361 580 1425 sub
591 1361 731 1444 regulari
742 1362 910 1446 disciplina
921 1361 1054 1445 regebat
1064 1363 1312 1427 monasterium:

312 1465 473 1550 spirituali
494 1465 660 1529 literarum
681 1465 849 1546 diligentia
866 1472 1065 1549 provocatus,
1081 1465 1178 1548 elegit
1196 1466 1314 1549 magis·

311 1569 443 1647 terium,
459 1568 659 1651 fratrumque
675 1590 783 1632 secum
799 1568 834 1631 in
854 1568 984 1632 domino
1001 1568 1178 1633 viventium
1199 1578 1313 1634 contu·

312 1671 437 1750 bernia,
452 1693 489 1735 ae
505 1671 550 1736 sie
565 1693 728 1735 servorum
746 1672 809 1735 Dei
823 1673 956 1756 junctus
977 1673 1145 1751 consortie,
1162 1673 1314 1737 devotum

314 1774 447 1839 domino
476 1775 547 1839 Deo
577 1775 741 1839 servitium
771 1781 804 1838 et
835 1775 1025 1840 laboriosam
1055 1775 1235 1859 vigiliarum
1263 1778 1313 1842 in·

313 1877 480 1957 stantiam,
510 1878 720 1961 lectionisque
750 1878 866 1943 divinae
900 1900 1029 1963 operam
1058 1879 1185 1962 ingenti
1213 1881 1314 1945 medi-

312 1981 446 2046 tationis
468 1982 575 2046 studio
597 1981 763 2046 exhibuit:
785 1981 833 2046 ita
849 1987 887 2045 ut
904 1982 1045 2045 maxima
1065 1982 1196 2046 demum
1217 1984 1313 2068 serip-

312 2093 462 2150 turarum
484 2085 665 2150 eruditione
684 2091 753 2149 tam
769 2085 997 2150 Grammaticae
1020 2086 1097 2150 artis
1120 2086 1313 2169 eloquentia,

314 2194 348 2253 et
370 2195 549 2252 metrorum
570 2187 756 2253 medullatae
784 2188 944 2253 facundiae
966 2188 1193 2269 modulatione,
1217 2212 1314 2273 quam

314 2291 414 2356 etiam
428 2292 569 2356 historiae
584 2291 720 2375 simplici
736 2292 943 2375 expositione,
958 2300 991 2356 et
1013 2292 1186 2376 spiritualis
1201 2294 1315 2377 triper-

315 2395 379 2459 tita
400 2395 624 2478 intelligentiae
645 2395 911 2479 interpretatione
933 2395 1090 2476 imbutus,
1112 2397 1316 2480 dictandique
1414 2440 1421 2447 -

314 2498 432 2582 peritia
452 2499 655 2563 laudabiliter
676 2499 777 2579 fulsit,
793 2507 831 2564 ut
851 2499 949 2564 etiam
967 2500 1037 2571 aliis
1056 2501 1186 2565 demum
1208 2509 1314 2586 pater·

315 2624 433 2666 narum
448 2602 591 2667 extiterit
610 2603 803 2686 paedagogus
824 2603 1048 2684 traditionum,
1064 2611 1097 2669 et
1117 2611 1229 2669 auctor
1246 2628 1314 2670 ma·

316 2705 449 2790 gisterii,
467 2706 522 2790 qui
544 2713 577 2770 et
600 2705 774 2790 discipulus
797 2714 894 2771 antea
916 2707 1135 2791 subjectorum
1157 2729 1225 2773 esse
1247 2731 1315 2774 non

314 2810 485 2875 recusavit.
531 2809 617 2875 Quia
631 2831 729 2874 sacrae
750 2832 820 2874 mos
839 2818 889 2876 est
907 2813 1165 2892 conversationis,
1181 2819 1219 2877 ut
1233 2835 1314 2896 prae·

315 2914 399 2978 ferre
422 2936 456 2979 se
477 2914 601 2978 caeteris
622 2913 838 2997 pertimescat,
855 2915 910 2998 qui
934 2914 1048 2998 subjici
1070 2916 1139 2979 aliis
1161 2917 1314 2995 renuerit,

317 3017 394 3100 quia
416 3024 449 3081 et
471 3024 568 3082 rectae
589 3016 780 3082 obedientiae
803 3039 933 3101 operam
956 3018 1108 3103 subjectis
1128 3018 1337 3104 impenderex

316 3143 384 3184 non
399 3120 534 3184 valebit:
559 3143 656 3204 quam
671 3142 809 3205 superna
824 3122 962 3205 praelatis
978 3121 1214 3205 dispensatione
1227 3123 1315 3205 juste

316 3244 384 3286 non
402 3220 575 3286 exhibebit.
623 3222 720 3286 Hanc
737 3222 823 3285 enirn
847 3222 894 3285 ita
916 3221 1065 3286 omnibus
1087 3222 1122 3285 in
1144 3243 1315 3287 commune

316 3325 498 3389 viventibus
523 3331 556 3388 et
581 3325 720 3389 maxime
744 3347 802 3388 suo
827 3325 887 3389 sub
911 3324 1052 3408 regulari
1075 3324 1221 3389 videlicet
1251 3326 1314 3390 dis·

316 3429 436 3513 ciplina
463 3427 596 3507 Abbati,
626 3429 814 3493 monachica
843 3428 992 3492 subditus
1026 3427 1208 3493 obedientia
1235 3451 1315 3512 prae-

317 3532 434 3596 bebat:
465 3538 503 3596 ut
527 3531 635 3595 labore
658 3553 816 3595 manuum
843 3531 1039 3615 quotidiano,
1065 3540 1098 3597 et
1127 3533 1318 3617 disciplinali

318 3635 495 3700 officiorum
518 3634 795 3699 administratione
815 3635 1015 3700 incessanter
1038 3637 1215 3701 secundum
1235 3661 1316 3722 prae-

318 3740 446 3804 finitam
483 3738 570 3802 beati
605 3738 705 3822 patris
742 3738 911 3803 Benedicti
947 3747 1044 3805 rectae
1078 3741 1317 3808 constitutionis

316 3844 455 3906 formam
470 3841 642 3920 insisteret,
653 3842 867 3926 omnibusque
883 3845 1065 3928 exemplum
1080 3845 1164 3909 bene
1179 3846 1315 3927 vivendi,

318 3946 353 4010 in
375 3945 472 4010 verbo
494 3951 528 4010 et
550 3946 852 4025 conversationem
873 3947 936 4010 fide
959 3955 992 4012 et
1014 3949 1161 4012 castitate
1183 3971 1217 4013 se
1236 3971 1316 4032 prse-

317 4048 409 4129 bens,
434 4056 473 4113 ut
499 4070 611 4113 omnes
635 4049 675 4112 de
704 4049 813 4114 fructu
839 4050 908 4133 ejus
934 4051 1152 4135 perciperent:
1187 4059 1220 4115 et
1248 4052 1316 4136 ipse

318 4152 464 4218 omnium
478 4152 634 4216 mercedis
648 4159 777 4217 aeternae
790 4153 968 4237 perciperet
982 4154 1172 4238 portionem.

363 4255 487 4320 Sedet
513 4256 704 4320 humilitatis
731 4278 857 4340 quoque
887 4257 956 4340 ejus
983 4265 1015 4321 et
1045 4257 1186 4321 caritatis
1215 4257 1317 4321 excel-

317 4360 463 4438 lentiam,
480 4360 564 4423 solus
580 4359 635 4443 qui
650 4361 848 4424 occultorum
863 4367 912 4424 est
927 4360 1073 4443 cognitor
1084 4361 1184 4440 Deus,
1194 4360 1317 4425 intimae

317 4463 525 4547 inspectionis
548 4484 614 4527 suae
634 4462 888 4528 consideratione
911 4464 1010 4539 novit,
1028 4464 1102 4548 quia
1123 4483 1233 4527 omnes
1256 4462 1317 4527 sibi

314 4566 550 4631 commilitones
572 4567 681 4630 solerti
695 4588 773 4630 cura
787 4567 1007 4649 subjunxerat,
1023 4574 1061 4632 ut
1083 4567 1123 4631 ab
1144 4566 1189 4631 eis
1208 4566 1317 4632 timori
