3259 5467
559 745 561 747 ,
693 699 935 743 mamercias.
1249 681 1310 744 195

315 838 450 903 Carolus
472 837 615 922 Magnus
637 838 779 907 scribens
800 840 955 918 Ducibus,
977 839 1166 920 Comitibus,
1186 842 1313 907 Gustal-

314 942 387 1005 diis.
434 942 550 1006 Subdit
564 942 650 1006 idem
665 943 906 1022 Amerbachius,
922 943 983 1008 sibi
1003 965 1070 1008 non
1085 945 1259 1029 displicere,
1275 953 1314 1010 ut

316 1045 464 1110 Gastaldi
485 1053 687 1129 exponantur
708 1047 875 1111 constituti
889 1047 981 1131 quasi
1004 1048 1157 1128 Gestelte,
1174 1070 1231 1113 seu
1250 1050 1313 1113 Be·

316 1149 433 1213 stellte.
480 1150 544 1213 Sed
568 1171 664 1233 quam
688 1150 727 1214 ad
753 1171 823 1214 rem
849 1151 1039 1214 constituti?
1078 1152 1254 1236 explicatur
1278 1152 1314 1216 in

315 1252 372 1317 lib.
389 1256 420 1318 2.
441 1253 614 1318 Lombard.
633 1254 685 1318 tit.
708 1257 758 1320 17.
780 1262 813 1318 et
834 1254 919 1333 alibi,
940 1255 1018 1318 dum
1039 1255 1167 1334 dicitur,
1183 1256 1314 1320 deman-

315 1355 408 1420 datas
429 1357 469 1420 iis
490 1357 588 1421 fixisse
610 1365 726 1436 curtes,
742 1379 893 1440 casasque
915 1358 1028 1441 regias,
1044 1365 1081 1422 ut
1104 1359 1178 1437 sint,
1202 1359 1258 1443 qui
1279 1359 1315 1423 in

316 1459 462 1539 Polonis,
485 1460 599 1536 Gallia,
622 1467 655 1524 et
681 1460 758 1525 alibi
781 1461 956 1526 Castellani
981 1470 1146 1540 vocantur,
1169 1469 1202 1526 et
1224 1462 1315 1527 vela

316 1562 436 1627 Latino
461 1583 539 1626 cusu
562 1564 612 1628 vel
638 1570 774 1628 castrum
797 1564 875 1630 dicti
901 1571 987 1644 sunt,
1012 1565 1062 1629 vel
1082 1587 1101 1629 a
1122 1565 1315 1630 Germanico

318 1665 412 1744 Gast,
428 1667 503 1750 quia
524 1673 630 1731 curtes
652 1674 685 1731 et
707 1688 795 1732 arces
817 1674 904 1746 sunt,
926 1667 961 1730 in
984 1668 1099 1750 quibus
1120 1669 1187 1732 fere
1209 1668 1315 1752 hospi·

316 1767 402 1832 tium
416 1768 538 1834 habent
552 1791 654 1853 reges,
670 1777 703 1834 et
717 1771 753 1834 in
767 1792 802 1835 re
816 1771 915 1836 etiam
935 1771 1049 1835 bellica
1063 1771 1208 1835 Ducibus
1223 1780 1316 1836 erant

317 1872 464 1956 proximi.
509 1873 625 1938 Lib.I.
647 1874 819 1939 Lombard.
842 1875 894 1938 tit.
923 1876 974 1938 15.
999 1875 1118 1938 Paulus
1141 1874 1316 1954 Diaconus‚

317 1974 340 2038 l.
356 1979 388 2039 5.
404 1997 431 2040 c.
450 1979 500 2040 11.
545 1979 662 2042 Petrus
681 1978 721 2042 de
735 1977 813 2042 Vin.
829 1999 878 2061 ep.
895 1980 925 2041 6.
942 1999 969 2042 c.
986 1981 1039 2042 25.
1056 1978 1141 2061 apud
1161 1999 1256 2061 quem
1276 1979 1316 2043 de

319 2078 490 2143 Castaldiae
504 2079 607 2142 feudis
623 2100 721 2162 agens
738 2079 920 2161 Imperator
934 2077 1124 2156 Fn'dericus,
1139 2080 1186 2141 itu
1201 2078 1316 2162 inquit,

319 2182 402 2264 quod
423 2189 559 2246 custrrcm
582 2204 602 2245 a
625 2183 731 2258 rubim
768 2189 807 2246 ut
830 2182 976 2245 videatur
998 2181 1133 2246 indicari
1155 2203 1274 2246 nomen
1298 2203 1318 2246 a

308 2292 423 2350 castro
447 2285 591 2365 ductum,
615 2307 690 2351 cum
714 2293 748 2350 et
765 2285 861 2350 hodie
885 2285 991 2350 adhuc
1008 2285 1165 2349 usitatum
1183 2286 1225 2350 sit
1246 2285 1318 2349 ‘ein

311 2388 461 2454 ‚CastelL'
478 2387 678 2454 Hotomann.
698 2390 738 2453 de
752 2390 794 2452 V.
810 2388 911 2453 Feud.
958 2388 1143 2453 Guastaldis
1159 2389 1214 2473 qui
1227 2388 1317 2452 villas

319 2511 377 2554 seu
397 2497 500 2556 cortes
519 2492 623 2575 regias
642 2491 867 2576 procurabant.
914 2492 1015 2555 Gallis
1036 2491 1213 2556 Domestici
1228 2491 1316 2556 dicti.

319 2593 446 2658 Mabill.

363 2698 400 2762 P.
419 2702 472 2762 33.
497 2700 519 2762 l.
546 2702 576 2762 1.
599 2698 776 2764 indictione
797 2697 1085 2764 VI-“Mendosa
1105 2699 1250 2777 indictio,
1273 2699 1317 2764 le,-

320 2802 537 2888 gendumque,
558 2802 735 2868 indictione
757 2803 838 2867 VII.
864 2803 1054 2867 Sirmondus
1077 2803 1206 2885 quidem
1228 2824 1319 2866 men·

313 2905 399 2969 dum
413 2906 449 2969 in
464 2906 557 2970 aunis
572 2906 739 2990 utriusque
759 2906 966 2990 Imperatoris
981 2926 1050 2970 esse
1064 2913 1167 2989 putat,
1182 2906 1318 2988 ideoque

319 3030 407 3074 anno
422 3010 528 3093 elapso
546 3010 759 3093 (DCCXXII)
777 3009 980 3074 Bonifacium
1000 3015 1143 3074 creatum
1159 3029 1227 3072 esse
1241 3008 1318 3091 Epi-

320 3133 462 3196 scopum.
520 3115 567 3177 At
589 3135 628 3177 ex
654 3114 799 3198 ejusdem
824 3112 989 3178 Pontificio
1015 3112 1132 3176 litteris
1154 3111 1247 3174 annis
1271 3132 1318 3175 se-

321 3217 495 3299 quentibus
510 3217 592 3281 datis
609 3217 720 3300 liquet,
735 3239 803 3282 non
822 3218 858 3280 in
878 3237 980 3280 annos
990 3216 1246 3298 Imperatorum,
1263 3214 1319 3277 sed

321 3318 536 3384 indictionum
551 3342 690 3385 errorem
699 3321 862 3404 irrepsisse
876 3326 1089 3404 praeterquam
1105 3318 1191 3402 quod
1205 3317 1318 3381 Libra

321 3423 407 3487 rium
420 3423 456 3487 in
471 3445 546 3503 uno,
564 3440 660 3507 quam
678 3425 714 3488 in
734 3424 860 3489 duobus
877 3443 1033 3507 peccasse,
1047 3423 1143 3505 longe
1157 3420 1318 3486 verosimi-

320 3527 394 3590 lius.
439 3528 482 3591 In
503 3529 699 3612 jurament0,
723 3528 809 3612 quod
831 3527 1014 3592 Bonifacius
1037 3525 1140 3591 eidem
1163 3523 1320 3608 Gregorio

322 3629 481 3713 praestitit,
504 3631 616 3695 eadem
638 3631 779 3704 Indictio
800 3631 861 3695 VI.
884 3631 1013 3714 legitur.
1060 3629 1124 3698 Sed
1148 3627 1320 3712 utrobique

322 3732 475 3798 mendose
496 3733 544 3798 ita
565 3734 646 3817 Pagi
667 3734 709 3798 ad
730 3756 781 3798 an.
802 3734 1026 3798 DCCXXIII.
1047 3755 1081 3798 n.
1102 3733 1149 3796 ΙΙ.
1170 3756 1202 3817 p.
1225 3731 1321 3796 198.”

322 3837 379 3911 W.
422 3837 588 3913 Numerus
610 3837 688 3901 anui
710 3837 852 3921 epistolae
873 3838 1031 3921 praefixus,
1054 3836 1176 3900 nullam
1198 3855 1321 3906 moram

323 3939 436 4003 lectori
457 3939 571 4019 faciat,
607 3939 741 4003 namin
766 3939 817 4004 his
842 3940 985 4003 numeris
1010 3937 1222 4022 praefigendis,
1246 3936 1322 4019 quia

324 4043 426 4108 serius
446 4044 484 4108 in
504 4052 648 4108 mentem
669 4065 775 4108 meam
796 4044 886 4108 venit
906 4043 940 4106 id
961 4043 1075 4120 facere,
1093 4038 1322 4125 typographus,

324 4147 377 4212 cui
396 4146 481 4212 hanc
494 4169 563 4212 rem
578 4146 733 4228 commisi,
748 4148 832 4211 leves
855 4145 1010 4230 quosdam
1025 4165 1146 4208 errores
1169 4142 1249 4206 duos
1266 4149 1322 4206 aut

324 4259 391 4316 tres
406 4251 553 4330 admisit3
575 4251 715 4316 inomni
730 4251 792 4317 alia
805 4258 897 4335 parte
917 4249 994 4313 artis
1014 4269 1080 4312 suae
1102 4245 1234 4311 omuino
1253 4244 1322 4309 feli-

323 4357 405 4423 citer
419 4364 618 4440 operatus.=
784 4411 792 4420 ..
1130 4409 1131 4412 η

368 4462 427 4544 Ep.
446 4465 475 4526 7.
491 4484 522 4544 p.
538 4463 591 4539 33,
611 4461 633 4524 1.
656 4462 697 4523 12
717 4461 782 4541 lege
800 4456 891 4533 inse
910 4453 1124 4534 credentibus,
1140 4474 1238 4537 quam
1260 4451 1323 4515 lec-

325 4565 506 4632 tionemW
521 4564 559 4628 in-
571 4563 716 4647 margine
729 4561 838 4628 habet.
853 4583 888 4611 =
1054 4588 1060 4598 ·
