3259 5467
313 664 381 726 230
574 680 668 723 nonu
684 680 724 722 nr
740 679 856 723 vaura
874 679 1068 724 ascalonus.

317 828 390 892 XV.
412 847 499 892 anuo
521 826 666 890 XXVII.
686 824 800 910 prioris
825 826 954 909 epochae
973 825 1192 906 Constantini,
1213 834 1247 891 et
1262 827 1319 890 VI.

316 930 510 1015 posterioris.
556 928 653 994 Ratio
669 949 741 992 cur
769 929 839 992 haec
868 929 1031 994 Zachariae
1057 929 1099 993 ad
1122 929 1321 994 Bonifaoinm

316 1034 452 1117 epistola
470 1033 631 1117 pertineat
651 1032 693 1095 ad
711 1053 763 1096 an.
780 1031 923 1096 XLVII.
940 1038 974 1096 et
993 1052 1052 1096 cur
1068 1039 1202 1097 tantum
1222 1055 1323 1097 annus

314 1136 429 1220 prioris
458 1135 586 1218 epochae
616 1133 824 1199 Constantini
845 1133 972 1199 unitate
989 1135 1188 1200 minuendus
1213 1136 1266 1215 sit,
1288 1157 1325 1199 ex

316 1259 355 1303 eo
383 1238 515 1322 petitur,
547 1236 632 1321 quod
659 1237 831 1301 Marianus
862 1237 978 1302 Scotus
1007 1238 1043 1301 in
1067 1237 1180 1302 chron.
1207 1238 1323 1302 adan.

316 1341 535 1406 DCCXLIII.
550 1341 693 1406 referens
709 1341 832 1424 aliquot
853 1340 1102 1424 subscriptiones
1118 1340 1324 1426 epistolarum

315 1445 599 1509 Bonifacianarum
622 1466 643 1508 a
657 1465 691 1508 se
713 1443 783 1507 sine
799 1442 898 1508 dubio
913 1444 1081 1524 lectarum,
1097 1445 1241 1509 scribat:
1265 1444 1325 1508 aha

315 1549 450 1632 epistola
483 1547 647 1612 Zachariae
680 1568 772 1630 papae
810 1547 852 1611 ad
881 1546 1095 1627 Bonifacium,
1127 1547 1206 1611 data
1234 1548 1325 1611 nonis

316 1651 451 1714 Ianuar.
464 1649 685 1732 annoimpcrii
697 1649 904 1713 Constantini
915 1649 976 1712 VI.
989 1649 1167 1715 indictione
1183 1651 1258 1715 XV.
1269 1650 1324 1714 ubi

316 1759 448 1817 tantum
464 1753 584 1818 omittit
600 1774 724 1815 annum
739 1751 854 1835 prioris
869 1752 1000 1835 epochae
1013 1752 1223 1818 Constantini
1236 1774 1324 1818 men-

317 1855 393 1921 dose
415 1854 622 1939 descriptum.
668 1854 818 1936 Denique
836 1861 962 1918 certum
984 1863 1043 1934 est,
1059 1855 1225 1921 Zachariae
1244 1856 1323 1940 epis-

315 1959 499 2041 tolampost
514 1979 637 2022 annum
652 1958 864 2022 DCCXLIV.
883 1957 1034 2041 scriptam
1053 1979 1132 2023 esse.
1179 1960 1215 2024 Is
1230 1959 1324 2038 enim,

316 2068 354 2124 ut
371 2061 477 2126 videre
492 2068 539 2125 est
559 2060 645 2144 apud
663 2061 843 2125 Baronium
861 2083 894 2124 n.
914 2061 988 2125 XX.
1004 2062 1149 2147 loquitur
1170 2062 1212 2126 de
1229 2063 1324 2127 Alde-

315 2162 419 2243 berto,
435 2163 475 2229 de
491 2163 688 2243 Godolsatio,
704 2171 737 2228 et
761 2164 801 2228 de
817 2163 996 2243 Clemente,
1011 2171 1050 2229 ut
1071 2165 1111 2229 de
1126 2165 1322 2230 contumaci-

316 2265 388 2346 bus,
414 2267 484 2350 jam
519 2265 742 2346 exauctoratis,
773 2287 911 2350 quorum
935 2270 1043 2330 ¹cauria
1077 2267 1185 2332 denuo
1216 2267 1324 2332 subtili

316 2369 523 2452 indagatione
545 2369 716 2433 cribrando
737 2375 796 2433 est.
841 2371 926 2432 Dum
938 2368 1053 2451 fuerit,
1076 2371 1184 2455 inquit
1205 2371 1323 2436 Zacha-

316 2472 390 2550 rias,
409 2478 610 2554 cppreputum
632 2473 902 2536 concilium-od
920 2473 1054 2536 medium
1076 2474 1272 2539 deducuntur
1284 2508 1323 2525 —-

317 2575 473 2638 cribretur
506 2594 611 2638 rausa.
673 2574 822 2659 Synodus
857 2581 968 2638 autem
1003 2576 1161 2656 Romana,
1190 2577 1227 2641 in
1262 2599 1323 2662 qna

319 2676 487 2741 Zacharias
509 2675 723 2740 Aldebertum
745 2684 778 2741 et
800 2677 1002 2741 Clementem
1022 2676 1198 2759 damnavit,
1213 2680 1324 2744 habita

318 2786 366 2844 est
389 2779 538 2862 sequenti
560 2800 647 2844 anno
669 2779 791 2844 Christi
813 2779 1005 2860 DCCXLV,
1028 2786 1165 2864 tumque
1188 2789 1324 2867 uterque

318 2881 378 2946 sub
400 2882 546 2946 custodia
567 2880 786 2961 detinebatur,
809 2889 848 2946 ut
870 2890 998 2948 constat
1019 2904 1059 2948 ex
1080 2885 1286 2951 sermonibus
1306 2907 1325 2950 a

318 2984 492 3051 Deneardo
510 2985 697 3070 presbytero
720 2983 839 3049 habitis
862 2985 1022 3070 inprime
1043 2986 1190 3072 ejusdem
1212 2989 1325 3073 synodi

318 3088 501 3168 secretario,
517 3097 554 3153 ut
576 3089 683 3153 videre
704 3096 752 3152 est
768 3088 856 3172 apud
870 3089 1048 3154 Baronium
1063 3111 1115 3154 an.
1131 3091 1323 3156 DCCXLV.

316 3214 350 3256 n.
377 3194 509 3257 XXIII.
548 3193 657 3259 Quare
671 3212 747 3256 cum
762 3191 959 3256 Aldebertus
979 3199 1012 3257 et
1033 3193 1184 3258 Clemens
1205 3195 1243 3259 in
1270 3195 1325 3258 illa

317 3296 439 3381 synodo
455 3297 601 3360 Romana
619 3317 671 3359 an.
688 3293 891 3359 DCCXLV.
907 3294 1019 3360 habita
1034 3295 1180 3363 damnati
1193 3297 1324 3377 fuerint,

317 3401 451 3483 epistola
464 3400 533 3463 haec
544 3399 674 3463 nonnisi
688 3406 762 3481 post
772 3398 865 3462 illum
881 3420 1005 3462 annum
1020 3398 1106 3479 data,
1122 3406 1197 3483 post
1211 3421 1323 3465 eorum

317 3504 437 3567 scilicet
450 3502 697 3581 contumaciam,
709 3510 742 3566 et
753 3523 862 3580 novas,
874 3523 954 3586 quas
963 3502 1183 3584 concitabant,
1191 3504 1305 3568 turbas
1312 3530 1322 3583 3

316 3626 421 3689 neque
450 3604 537 3668 enim
566 3604 735 3669 Zacharias
765 3603 933 3689 epistolam
963 3605 1130 3669 laudatam
1159 3606 1201 3671 ad
1226 3607 1323 3670 Boni·

316 3708 435 3771 facium
458 3707 552 3771 nonis
571 3707 592 3769 J
594 3729 705 3771 anuar.
728 3707 839 3771 datam
857 3707 956 3785 misit,
976 3707 1041 3771 nisi
1066 3714 1105 3772 ut
1128 3728 1183 3773 eos
1202 3709 1323 3774 tumul·

315 3817 370 3875 tus
385 3818 609 3894 compesceret,
623 3818 656 3874 et
670 3810 799 3874 illorum
814 3810 1039 3875 haereticorum
1054 3831 1185 3875 causam
1201 3811 1229 3875 si
1243 3832 1322 3896 opus

317 3922 410 3993 esset,
430 3935 542 3977 rursus
563 3913 744 3991 ventilaret,
762 3913 813 3977 vel
835 3920 873 3977 ut
894 3913 963 3997 ipse
981 3913 1134 3997 loquitur,
1157 3913 1322 3979 cribraret.

317 4017 397 4101 Pagi
414 4021 443 4081 I.
460 4016 491 4080 d.
508 4017 549 4081 ad
564 4039 615 4080 an.
632 4015 844 4079 DCCXLIV.
860 4038 895 4079 n.
911 4019 942 4079 4.
959 4023 992 4080 et
1008 4019 1039 4095 5,
1054 4027 1088 4099 p.
1103 4017 1204 4082 262.”
1218 4018 1274 4082 W.

359 4121 420 4204 Ep.
439 4122 492 4184 65.
515 4120 625 4203 Hujus
644 4118 786 4203 epistolae
807 4118 843 4182 in
863 4118 1004 4183 editione
1025 4119 1253 4199 Wiirdtwein„
1267 4118 1324 4184 ubi

317 4223 478 4287 LXXVta
498 4221 645 4301 occurrit,
669 4221 837 4305 inscriptio
859 4229 925 4286 ests
956 4221 1138 4305 “Capitula
1158 4222 1321 4288 Zachariae

317 4327 413 4409 Papae
427 4326 468 4389 ad
485 4325 638 4408 Pipinum
656 4325 690 4388 in
712 4325 902 4389 sacerdotali
922 4325 1056 4409 collegio
1071 4347 1091 4390 a
1107 4326 1141 4388 S.
1157 4326 1325 4391 Bonifacio

317 4429 455 4492 lectione
469 4428 643 4511 pandenda
655 4429 738 4493 forte
753 4428 789 4491 in
804 4427 949 4492 Concilio
963 4429 1126 4493 Vernensi
1140 4429 1299 4513 praelecta.

359 4530 527 4595 Zacharias
553 4532 642 4615 Papa
666 4531 839 4615 respondet
865 4533 906 4596 de
936 4531 1067 4597 diversis
1093 4531 1241 4616 capitulis
1264 4552 1319 4616 per
