3259 5467
313 709 380 776 270
571 726 664 773 roro
681 727 721 770 rr
737 726 853 773 virro
869 726 1063 775 ororrorrr.

357 868 494 932 'sextum
507 867 641 932 Sertorii
649 873 775 930 mutare
790 867 979 952 religionem
995 846 1093 950 duxi}
1109 891 1189 936 nam
1199 873 1320 939 codices

313 972 548 1056 manuscriptos
567 970 673 1034 nullos
687 991 833 1052 unquam
847 970 922 1035 vidi.

333 1435 433 1503 VIII.
455 1436 517 1501 DE
539 1435 649 1501 VITA
670 1434 761 1500 VEL
783 1434 1009 1505 PASSIONE
1031 1437 1300 1509 BEA'PISSIMI

446 1535 685 1607 MARTYRIS
709 1537 952 1606 BONIFACII
972 1540 1189 1610 AUCTORE

658 1640 968 1711 WILLIBALDO.

357 1827 459 1893 Horo
487 1827 585 1894 etiam
608 1824 754 1893 libellum
778 1825 882 1893 edidit
910 1826 1073 1896 serrarius
1095 1850 1128 1917 p.
1155 1831 1222 1895 253
1244 1852 1316 1901 cum

312 1930 374 1998 hac
390 1937 485 2016 noto.⁴

736 2050 895 2098 rorirro.

442 2168 596 2231 Historiae
620 2167 697 2230 huic
723 2167 877 2250 adjuncta
901 2175 970 2232 erat
994 2168 1034 2233 de
1062 2170 1094 2233 S.
1121 2171 1230 2236 Livini

396 2270 433 2333 in
442 2271 688 2334 Gandavensem
703 2269 818 2333 urbem
832 2270 1045 2335 translatione
1056 2273 1225 2339 Narratio:

397 2373 454 2436 sed
470 2373 545 2456 quia
559 2374 628 2456 ejus
649 2378 762 2436 auctor
775 2393 844 2436 non
859 2379 908 2437 est
925 2373 959 2436 S.
976 2374 1175 2455 Bonifaoius,
1191 2399 1231 2441 ea

398 2497 487 2539 nunc
503 2497 589 2539 ame
603 2474 783 2539 omittitur:
806 2481 840 2539 et
855 2475 925 2558 ojus
939 2475 974 2539 in
988 2476 1096 2540 looum
1112 2479 1230 2544 suffici.

399 2585 455 2640 tur
468 2577 568 2660 ipsius
579 2577 738 2640 Bonifaoii
746 2577 813 2642 vita
827 2599 848 2642 a
860 2578 895 2641 S.
906 2578 1083 2643 Wiliholdo
1098 2581 1226 2665 scripta,

399 2701 496 2762 quam
511 2680 551 2743 ab
561 2681 750 2744 Reverendo
765 2682 807 2744 D.
817 2681 950 2744 Andrea
960 2681 1111 2761 Webero,
1127 2684 1228 2747 Fran·

397 2782 590 2846 cofurtensis
613 2783 765 2846 Eeclesiae
792 2783 826 2846 S.
842 2783 1073 2849 Bartholomaei
1094 2784 1229 2851 Decano

397 2886 513 2968 accepi,
529 2891 625 2969 prout
642 2885 723 2948 mihi
742 2885 798 2949 lib.
820 2888 851 2964 3,
870 2886 1024 2969 Mogont.
1044 2887 1125 2952 Not.
1146 2890 1177 2953 1.
1194 2910 1225 2974 p.

397 2988 471 3064 319,
487 2993 520 3051 et
535 2989 609 3067 320,
625 2993 840 3056 memoramm
851 2988 920 3072 jam
935 2988 1022 3053 alias.
