<?xml version="1.0" encoding="UTF-8"?>
<!DOCTYPE html PUBLIC "-//W3C//DTD XHTML 1.0 Transitional//EN"
    "http://www.w3.org/TR/xhtml1/DTD/xhtml1-transitional.dtd">
<html xmlns="http://www.w3.org/1999/xhtml" xml:lang="en" lang="en">
 <head>
  <title>
</title>
<meta http-equiv="Content-Type" content="text/html;charset=utf-8" />
  <meta name='ocr-system' content='tesseract 3.04.00' />
  <meta name='ocr-capabilities' content='ocr_page ocr_carea ocr_par ocr_line ocrx_word'/>
</head>
<body>
  <div class='ocr_page' id='page_1' title='image "./operaquaeextant00bonigoog_0139.png"; bbox 0 0 3259 5467; ppageno 0'>
   <div class='ocr_carea' id='block_1_1' title="bbox 314 660 1173 723">
    <p class='ocr_par' dir='ltr' id='par_1_1' title="bbox 314 660 1173 723">
     <span class='ocr_line' id='line_1_1' title="bbox 314 660 1173 723; baseline -0.001 -2"><span class='ocrx_word' id='word_1_1' title='bbox 314 660 376 722; x_wconf 78' lang='lat'><strong>132</strong></span> <span class='ocrx_word' id='word_1_2' title='bbox 462 664 641 723; x_wconf 68' lang='lat' dir='ltr'><strong>uomrscn</strong></span> <span class='ocrx_word' id='word_1_3' title='bbox 661 678 923 722; x_wconf 74' lang='lat' dir='ltr'><strong>aucnrnrrscoru</strong></span> <span class='ocrx_word' id='word_1_4' title='bbox 941 677 981 720; x_wconf 80' lang='lat' dir='ltr'><strong>rr</strong></span> <span class='ocrx_word' id='word_1_5' title='bbox 998 675 1173 721; x_wconf 75' lang='lat' dir='ltr'><strong>susurrans</strong></span> 
     </span>
    </p>
   </div>
   <div class='ocr_carea' id='block_1_2' title="bbox 312 807 1314 1108">
    <p class='ocr_par' dir='ltr' id='par_1_2' title="bbox 312 807 1314 1108">
     <span class='ocr_line' id='line_1_2' title="bbox 312 807 1314 897; baseline 0 -15"><span class='ocrx_word' id='word_1_6' title='bbox 312 817 494 882; x_wconf 80' lang='lat' dir='ltr'><strong>commixtis</strong></span> <span class='ocrx_word' id='word_1_7' title='bbox 517 820 605 883; x_wconf 91' lang='lat' dir='ltr'><strong>canis</strong></span> <span class='ocrx_word' id='word_1_8' title='bbox 631 826 664 884; x_wconf 90' lang='lat' dir='ltr'><strong>et</strong></span> <span class='ocrx_word' id='word_1_9' title='bbox 687 819 779 883; x_wconf 88' lang='lat' dir='ltr'><strong>valde</strong></span> <span class='ocrx_word' id='word_1_10' title='bbox 801 818 882 882; x_wconf 86' lang='lat' dir='ltr'><strong>raris</strong></span> <span class='ocrx_word' id='word_1_11' title='bbox 908 817 943 881; x_wconf 91' lang='lat' dir='ltr'><strong>in</strong></span> <span class='ocrx_word' id='word_1_12' title='bbox 968 817 1085 897; x_wconf 83' lang='lat' dir='ltr'><strong>fronte,</strong></span> <span class='ocrx_word' id='word_1_13' title='bbox 1109 807 1314 882; x_wconf 55' lang='lat' dir='ltr'><strong>aures&#39;latas</strong></span> 
     </span>
     <span class='ocr_line' id='line_1_3' title="bbox 312 919 1314 1020; baseline 0.002 -36"><span class='ocrx_word' id='word_1_14' title='bbox 312 920 435 984; x_wconf 89' lang='lat' dir='ltr'><strong>habens</strong></span> <span class='ocrx_word' id='word_1_15' title='bbox 459 928 492 985; x_wconf 91' lang='lat' dir='ltr'><strong>et</strong></span> <span class='ocrx_word' id='word_1_16' title='bbox 516 929 673 1002; x_wconf 84' lang='lat' dir='ltr'><strong>extensas,</strong></span> <span class='ocrx_word' id='word_1_17' title='bbox 704 922 812 986; x_wconf 89' lang='lat' dir='ltr'><strong>oculos</strong></span> <span class='ocrx_word' id='word_1_18' title='bbox 841 919 1008 1005; x_wconf 75' lang='lat' dir='ltr'><strong>pervigiles</strong></span> <span class='ocrx_word' id='word_1_19' title='bbox 1037 927 1070 985; x_wconf 90' lang='lat' dir='ltr'><strong>et</strong></span> <span class='ocrx_word' id='word_1_20' title='bbox 1098 921 1201 1020; x_wconf 83' lang='lat' dir='ltr'><strong>laetos,</strong></span> <span class='ocrx_word' id='word_1_21' title='bbox 1228 921 1314 986; x_wconf 83' lang='lat' dir='ltr'><strong>hirta</strong></span> 
     </span>
     <span class='ocr_line' id='line_1_4' title="bbox 313 1024 1313 1108; baseline 0.001 -20"><span class='ocrx_word' id='word_1_22' title='bbox 313 1025 483 1107; x_wconf 88' lang='lat' dir='ltr'><strong>supercilia</strong></span> <span class='ocrx_word' id='word_1_23' title='bbox 504 1033 537 1089; x_wconf 89' lang='lat' dir='ltr'><strong>et</strong></span> <span class='ocrx_word' id='word_1_24' title='bbox 557 1047 646 1103; x_wconf 88' lang='lat' dir='ltr'><strong>cana,</strong></span> <span class='ocrx_word' id='word_1_25' title='bbox 667 1032 700 1089; x_wconf 91' lang='lat' dir='ltr'><strong>et</strong></span> <span class='ocrx_word' id='word_1_26' title='bbox 718 1024 803 1088; x_wconf 91' lang='lat' dir='ltr'><strong>circa</strong></span> <span class='ocrx_word' id='word_1_27' title='bbox 819 1024 960 1088; x_wconf 86' lang='lat' dir='ltr'><strong>frontem</strong></span> <span class='ocrx_word' id='word_1_28' title='bbox 980 1030 1014 1087; x_wconf 89' lang='lat' dir='ltr'><strong>et</strong></span> <span class='ocrx_word' id='word_1_29' title='bbox 1034 1030 1182 1108; x_wconf 87' lang='lat' dir='ltr'><strong>tempora</strong></span> <span class='ocrx_word' id='word_1_30' title='bbox 1204 1025 1313 1089; x_wconf 89' lang='lat' dir='ltr'><strong>candi·</strong></span> 
     </span>
    </p>
   </div>
   <div class='ocr_carea' id='block_1_3' title="bbox 310 1127 1320 4310">
    <p class='ocr_par' dir='ltr' id='par_1_3' title="bbox 310 1127 1314 1521">
     <span class='ocr_line' id='line_1_5' title="bbox 312 1127 1314 1213; baseline 0.002 -23"><span class='ocrx_word' id='word_1_31' title='bbox 312 1127 478 1192; x_wconf 78' lang='lat' dir='ltr'><strong>dissimum</strong></span> <span class='ocrx_word' id='word_1_32' title='bbox 503 1129 644 1193; x_wconf 85' lang='lat' dir='ltr'><strong>frontem</strong></span> <span class='ocrx_word' id='word_1_33' title='bbox 667 1150 791 1212; x_wconf 89' lang='lat' dir='ltr'><strong>gerens,</strong></span> <span class='ocrx_word' id='word_1_34' title='bbox 815 1148 914 1210; x_wconf 87' lang='lat' dir='ltr'><strong>genas</strong></span> <span class='ocrx_word' id='word_1_35' title='bbox 938 1133 1051 1210; x_wconf 84' lang='lat' dir='ltr'><strong>utpote</strong></span> <span class='ocrx_word' id='word_1_36' title='bbox 1076 1148 1116 1191; x_wconf 82' lang='lat' dir='ltr'><strong>ex</strong></span> <span class='ocrx_word' id='word_1_37' title='bbox 1134 1127 1249 1192; x_wconf 89' lang='lat' dir='ltr'><strong>crebro</strong></span> <span class='ocrx_word' id='word_1_38' title='bbox 1266 1129 1314 1213; x_wconf 89' lang='lat' dir='ltr'><strong>je·</strong></span> 
     </span>
     <span class='ocr_line' id='line_1_6' title="bbox 310 1219 1313 1314; baseline 0.001 -21"><span class='ocrx_word' id='word_1_39' title='bbox 310 1229 404 1313; x_wconf 85' lang='lat' dir='ltr'><strong>junio</strong></span> <span class='ocrx_word' id='word_1_40' title='bbox 423 1239 548 1310; x_wconf 90' lang='lat' dir='ltr'><strong>tenues,</strong></span> <span class='ocrx_word' id='word_1_41' title='bbox 567 1231 624 1295; x_wconf 92' lang='lat' dir='ltr'><strong>sed</strong></span> <span class='ocrx_word' id='word_1_42' title='bbox 642 1230 816 1295; x_wconf 84' lang='lat' dir='ltr'><strong>admodum</strong></span> <span class='ocrx_word' id='word_1_43' title='bbox 835 1229 958 1307; x_wconf 90' lang='lat' dir='ltr'><strong>rubras,</strong></span> <span class='ocrx_word' id='word_1_44' title='bbox 978 1229 1123 1312; x_wconf 88' lang='lat' dir='ltr'><strong>mireque</strong></span> <span class='ocrx_word' id='word_1_45' title='bbox 1141 1219 1313 1314; x_wconf 75' lang='lat' dir='ltr'><strong>jucrmdas,</strong></span> 
     </span>
     <span class='ocr_line' id='line_1_7' title="bbox 313 1329 1314 1418; baseline 0.003 -22"><span class='ocrx_word' id='word_1_46' title='bbox 313 1332 447 1397; x_wconf 84' lang='lat' dir='ltr'><strong>barbam</strong></span> <span class='ocrx_word' id='word_1_47' title='bbox 469 1354 593 1412; x_wconf 88' lang='lat' dir='ltr'><strong>cauam,</strong></span> <span class='ocrx_word' id='word_1_48' title='bbox 614 1334 732 1417; x_wconf 81' lang='lat' dir='ltr'><strong>digitos</strong></span> <span class='ocrx_word' id='word_1_49' title='bbox 754 1333 889 1397; x_wconf 81' lang='lat' dir='ltr'><strong>ductiles</strong></span> <span class='ocrx_word' id='word_1_50' title='bbox 908 1339 941 1396; x_wconf 88' lang='lat' dir='ltr'><strong>et</strong></span> <span class='ocrx_word' id='word_1_51' title='bbox 960 1331 1105 1415; x_wconf 85' lang='lat' dir='ltr'><strong>graciles,</strong></span> <span class='ocrx_word' id='word_1_52' title='bbox 1124 1329 1314 1418; x_wconf 90' lang='lat' dir='ltr'><strong>nullamque</strong></span> 
     </span>
     <span class='ocr_line' id='line_1_8' title="bbox 314 1435 1087 1521; baseline 0 -21"><span class='ocrx_word' id='word_1_53' title='bbox 314 1458 442 1521; x_wconf 90' lang='lat' dir='ltr'><strong>prorsus</strong></span> <span class='ocrx_word' id='word_1_54' title='bbox 458 1438 711 1521; x_wconf 89' lang='lat' dir='ltr'><strong>superfluitatem</strong></span> <span class='ocrx_word' id='word_1_55' title='bbox 725 1436 761 1500; x_wconf 91' lang='lat' dir='ltr'><strong>in</strong></span> <span class='ocrx_word' id='word_1_56' title='bbox 774 1435 929 1500; x_wconf 81' lang='lat' dir='ltr'><strong>membris</strong></span> <span class='ocrx_word' id='word_1_57' title='bbox 943 1435 1087 1519; x_wconf 87' lang='lat' dir='ltr'><strong>gerebat.</strong></span> 
     </span>
    </p>

    <p class='ocr_par' dir='ltr' id='par_1_4' title="bbox 315 1537 1319 3779">
     <span class='ocr_line' id='line_1_9' title="bbox 317 1537 1313 1626; baseline 0.003 -23"><span class='ocrx_word' id='word_1_58' title='bbox 317 1599 320 1603; x_wconf 84' lang='lat'>.</span> <span class='ocrx_word' id='word_1_59' title='bbox 359 1537 490 1606; x_wconf 78' lang='lat' dir='ltr'><strong>Quanto</strong></span> <span class='ocrx_word' id='word_1_60' title='bbox 514 1563 589 1606; x_wconf 88' lang='lat' dir='ltr'><strong>vero</strong></span> <span class='ocrx_word' id='word_1_61' title='bbox 611 1539 776 1626; x_wconf 83' lang='lat' dir='ltr'><strong>pulchrius</strong></span> <span class='ocrx_word' id='word_1_62' title='bbox 802 1540 958 1624; x_wconf 87' lang='lat' dir='ltr'><strong>corporali</strong></span> <span class='ocrx_word' id='word_1_63' title='bbox 981 1547 1073 1623; x_wconf 84' lang='lat' dir='ltr'><strong>parte</strong></span> <span class='ocrx_word' id='word_1_64' title='bbox 1099 1541 1241 1606; x_wconf 87' lang='lat' dir='ltr'><strong>exterius</strong></span> <span class='ocrx_word' id='word_1_65' title='bbox 1264 1563 1313 1606; x_wconf 86' lang='lat' dir='ltr'><strong>re-</strong></span> 
     </span>
     <span class='ocr_line' id='line_1_10' title="bbox 316 1642 1315 1728; baseline 0.004 -22"><span class='ocrx_word' id='word_1_66' title='bbox 316 1643 510 1728; x_wconf 88' lang='lat' dir='ltr'><strong>splendebat,</strong></span> <span class='ocrx_word' id='word_1_67' title='bbox 537 1652 630 1709; x_wconf 89' lang='lat' dir='ltr'><strong>tauto</strong></span> <span class='ocrx_word' id='word_1_68' title='bbox 657 1643 811 1728; x_wconf 81' lang='lat' dir='ltr'><strong>fulgidius</strong></span> <span class='ocrx_word' id='word_1_69' title='bbox 841 1642 1021 1708; x_wconf 84' lang='lat' dir='ltr'><strong>habitatore</strong></span> <span class='ocrx_word' id='word_1_70' title='bbox 1048 1644 1172 1727; x_wconf 82' lang='lat' dir='ltr'><strong>Spiritu</strong></span> <span class='ocrx_word' id='word_1_71' title='bbox 1202 1652 1315 1710; x_wconf 88' lang='lat' dir='ltr'><strong>sancto</strong></span> 
     </span>
     <span class='ocr_line' id='line_1_11' title="bbox 315 1747 1314 1831; baseline 0.003 -20"><span class='ocrx_word' id='word_1_72' title='bbox 315 1748 451 1821; x_wconf 89' lang='lat' dir='ltr'><strong>interius</strong></span> <span class='ocrx_word' id='word_1_73' title='bbox 473 1748 670 1813; x_wconf 86' lang='lat' dir='ltr'><strong>coruscabat.</strong></span> <span class='ocrx_word' id='word_1_74' title='bbox 715 1747 1162 1831; x_wconf 80' lang='lat' dir='ltr'><strong>Cumquesuccrescentibus</strong></span> <span class='ocrx_word' id='word_1_75' title='bbox 1182 1750 1314 1814; x_wconf 85' lang='lat' dir='ltr'><strong>merito·</strong></span> 
     </span>
     <span class='ocr_line' id='line_1_12' title="bbox 315 1851 1313 1936; baseline 0 -20"><span class='ocrx_word' id='word_1_76' title='bbox 315 1873 388 1916; x_wconf 92' lang='lat' dir='ltr'><strong>rum</strong></span> <span class='ocrx_word' id='word_1_77' title='bbox 403 1852 576 1916; x_wconf 86' lang='lat' dir='ltr'><strong>virtutibus</strong></span> <span class='ocrx_word' id='word_1_78' title='bbox 590 1851 626 1915; x_wconf 89' lang='lat' dir='ltr'><strong>in</strong></span> <span class='ocrx_word' id='word_1_79' title='bbox 641 1853 806 1936; x_wconf 87' lang='lat' dir='ltr'><strong>speculum</strong></span> <span class='ocrx_word' id='word_1_80' title='bbox 825 1851 928 1915; x_wconf 86' lang='lat' dir='ltr'><strong>totius</strong></span> <span class='ocrx_word' id='word_1_81' title='bbox 941 1851 1121 1915; x_wconf 83' lang='lat' dir='ltr'><strong>sanctitatis</strong></span> <span class='ocrx_word' id='word_1_82' title='bbox 1135 1853 1313 1932; x_wconf 85' lang='lat' dir='ltr'><strong>excelleret,</strong></span> 
     </span>
     <span class='ocr_line' id='line_1_13' title="bbox 315 1953 1314 2037; baseline 0 -19"><span class='ocrx_word' id='word_1_83' title='bbox 315 1955 363 2022; x_wconf 89' lang='lat' dir='ltr'><strong>ita</strong></span> <span class='ocrx_word' id='word_1_84' title='bbox 377 1956 504 2020; x_wconf 89' lang='lat' dir='ltr'><strong>coeleste</strong></span> <span class='ocrx_word' id='word_1_85' title='bbox 518 1955 604 2019; x_wconf 89' lang='lat' dir='ltr'><strong>visus</strong></span> <span class='ocrx_word' id='word_1_86' title='bbox 627 1960 676 2018; x_wconf 88' lang='lat' dir='ltr'><strong>est</strong></span> <span class='ocrx_word' id='word_1_87' title='bbox 698 1955 847 2018; x_wconf 89' lang='lat' dir='ltr'><strong>columen</strong></span> <span class='ocrx_word' id='word_1_88' title='bbox 868 1953 1051 2037; x_wconf 89' lang='lat' dir='ltr'><strong>promereri,</strong></span> <span class='ocrx_word' id='word_1_89' title='bbox 1067 1961 1229 2037; x_wconf 89' lang='lat' dir='ltr'><strong>quatenus</strong></span> <span class='ocrx_word' id='word_1_90' title='bbox 1248 1977 1314 2020; x_wconf 91' lang='lat' dir='ltr'><strong>non</strong></span> 
     </span>
     <span class='ocr_line' id='line_1_14' title="bbox 317 2057 1315 2142; baseline -0.001 -19"><span class='ocrx_word' id='word_1_91' title='bbox 317 2060 420 2123; x_wconf 80' lang='lat' dir='ltr'><strong>solum</strong></span> <span class='ocrx_word' id='word_1_92' title='bbox 448 2059 574 2123; x_wconf 89' lang='lat' dir='ltr'><strong>Scotica</strong></span> <span class='ocrx_word' id='word_1_93' title='bbox 603 2079 682 2141; x_wconf 92' lang='lat' dir='ltr'><strong>gens</strong></span> <span class='ocrx_word' id='word_1_94' title='bbox 707 2064 740 2122; x_wconf 91' lang='lat' dir='ltr'><strong>et</strong></span> <span class='ocrx_word' id='word_1_95' title='bbox 769 2057 967 2136; x_wconf 89' lang='lat' dir='ltr'><strong>Britannica,</strong></span> <span class='ocrx_word' id='word_1_96' title='bbox 990 2076 1102 2121; x_wconf 88' lang='lat' dir='ltr'><strong>verum</strong></span> <span class='ocrx_word' id='word_1_97' title='bbox 1127 2079 1257 2142; x_wconf 91' lang='lat' dir='ltr'><strong>quoque</strong></span> <span class='ocrx_word' id='word_1_98' title='bbox 1281 2066 1315 2123; x_wconf 87' lang='lat' dir='ltr'><strong>et</strong></span> 
     </span>
     <span class='ocr_line' id='line_1_15' title="bbox 317 2160 1314 2246; baseline -0.006 -14"><span class='ocrx_word' id='word_1_99' title='bbox 317 2160 548 2245; x_wconf 86' lang='lat' dir='ltr'><strong>Hybernenses</strong></span> <span class='ocrx_word' id='word_1_100' title='bbox 563 2161 681 2246; x_wconf 91' lang='lat' dir='ltr'><strong>populi,</strong></span> <span class='ocrx_word' id='word_1_101' title='bbox 693 2167 726 2224; x_wconf 89' lang='lat' dir='ltr'><strong>et</strong></span> <span class='ocrx_word' id='word_1_102' title='bbox 740 2161 989 2244; x_wconf 87' lang='lat' dir='ltr'><strong>circumquaque</strong></span> <span class='ocrx_word' id='word_1_103' title='bbox 1002 2160 1172 2244; x_wconf 87' lang='lat' dir='ltr'><strong>regionum</strong></span> <span class='ocrx_word' id='word_1_104' title='bbox 1183 2162 1314 2226; x_wconf 87' lang='lat' dir='ltr'><strong>finitimi</strong></span> 
     </span>
     <span class='ocr_line' id='line_1_16' title="bbox 317 2264 1314 2350; baseline 0.003 -22"><span class='ocrx_word' id='word_1_105' title='bbox 317 2285 391 2329; x_wconf 90' lang='lat' dir='ltr'><strong>cum</strong></span> <span class='ocrx_word' id='word_1_106' title='bbox 407 2266 471 2329; x_wconf 87' lang='lat' dir='ltr'><strong>suis</strong></span> <span class='ocrx_word' id='word_1_107' title='bbox 483 2265 684 2348; x_wconf 87' lang='lat' dir='ltr'><strong>Principibus</strong></span> <span class='ocrx_word' id='word_1_108' title='bbox 698 2264 934 2330; x_wconf 87' lang='lat' dir='ltr'><strong>admirarentur</strong></span> <span class='ocrx_word' id='word_1_109' title='bbox 944 2265 1012 2348; x_wconf 85' lang='lat' dir='ltr'><strong>ejus</strong></span> <span class='ocrx_word' id='word_1_110' title='bbox 1026 2264 1132 2329; x_wconf 86' lang='lat' dir='ltr'><strong>laudis</strong></span> <span class='ocrx_word' id='word_1_111' title='bbox 1144 2267 1314 2350; x_wconf 86' lang='lat' dir='ltr'><strong>praeeonia,</strong></span> 
     </span>
     <span class='ocr_line' id='line_1_17' title="bbox 317 2366 1315 2452; baseline 0.002 -20"><span class='ocrx_word' id='word_1_112' title='bbox 317 2375 351 2432; x_wconf 88' lang='lat' dir='ltr'><strong>et</strong></span> <span class='ocrx_word' id='word_1_113' title='bbox 375 2368 518 2452; x_wconf 89' lang='lat' dir='ltr'><strong>undique</strong></span> <span class='ocrx_word' id='word_1_114' title='bbox 543 2369 625 2432; x_wconf 90' lang='lat' dir='ltr'><strong>mira</strong></span> <span class='ocrx_word' id='word_1_115' title='bbox 653 2367 834 2451; x_wconf 87' lang='lat' dir='ltr'><strong>frequentia</strong></span> <span class='ocrx_word' id='word_1_116' title='bbox 862 2366 1068 2432; x_wconf 85' lang='lat' dir='ltr'><strong>confluebant</strong></span> <span class='ocrx_word' id='word_1_117' title='bbox 1098 2366 1140 2433; x_wconf 85' lang='lat' dir='ltr'><strong>ad</strong></span> <span class='ocrx_word' id='word_1_118' title='bbox 1165 2391 1252 2448; x_wconf 92' lang='lat' dir='ltr'><strong>enm,</strong></span> <span class='ocrx_word' id='word_1_119' title='bbox 1277 2379 1315 2433; x_wconf 88' lang='lat' dir='ltr'><strong>ut</strong></span> 
     </span>
     <span class='ocr_line' id='line_1_18' title="bbox 317 2470 1315 2557; baseline 0.001 -22"><span class='ocrx_word' id='word_1_120' title='bbox 317 2471 466 2535; x_wconf 89' lang='lat' dir='ltr'><strong>audirent</strong></span> <span class='ocrx_word' id='word_1_121' title='bbox 481 2471 577 2535; x_wconf 88' lang='lat' dir='ltr'><strong>verba</strong></span> <span class='ocrx_word' id='word_1_122' title='bbox 591 2471 664 2535; x_wconf 87' lang='lat' dir='ltr'><strong>vitae</strong></span> <span class='ocrx_word' id='word_1_123' title='bbox 684 2493 722 2535; x_wconf 82' lang='lat' dir='ltr'><strong>ex</strong></span> <span class='ocrx_word' id='word_1_124' title='bbox 742 2493 797 2535; x_wconf 90' lang='lat' dir='ltr'><strong>ore</strong></span> <span class='ocrx_word' id='word_1_125' title='bbox 816 2472 897 2555; x_wconf 86' lang='lat' dir='ltr'><strong>ejus.</strong></span> <span class='ocrx_word' id='word_1_126' title='bbox 942 2470 1041 2536; x_wconf 34' lang='lat' dir='ltr'><strong>Quos*</strong></span> <span class='ocrx_word' id='word_1_127' title='bbox 1052 2493 1176 2553; x_wconf 91' lang='lat' dir='ltr'><strong>omnes,</strong></span> <span class='ocrx_word' id='word_1_128' title='bbox 1190 2480 1229 2538; x_wconf 92' lang='lat' dir='ltr'><strong>nt</strong></span> <span class='ocrx_word' id='word_1_129' title='bbox 1244 2474 1315 2557; x_wconf 93' lang='lat' dir='ltr'><strong>pius</strong></span> 
     </span>
     <span class='ocr_line' id='line_1_19' title="bbox 317 2573 1317 2658; baseline 0.003 -21"><span class='ocrx_word' id='word_1_130' title='bbox 317 2574 425 2650; x_wconf 89' lang='lat' dir='ltr'><strong>Pater,</strong></span> <span class='ocrx_word' id='word_1_131' title='bbox 449 2575 607 2658; x_wconf 89' lang='lat' dir='ltr'><strong>spirituali</strong></span> <span class='ocrx_word' id='word_1_132' title='bbox 630 2573 747 2638; x_wconf 85' lang='lat' dir='ltr'><strong>cibavit</strong></span> <span class='ocrx_word' id='word_1_133' title='bbox 769 2573 951 2652; x_wconf 89' lang='lat' dir='ltr'><strong>refectione,</strong></span> <span class='ocrx_word' id='word_1_134' title='bbox 972 2595 1094 2658; x_wconf 90' lang='lat' dir='ltr'><strong>suaque</strong></span> <span class='ocrx_word' id='word_1_135' title='bbox 1115 2576 1317 2640; x_wconf 89' lang='lat' dir='ltr'><strong>confirmavit</strong></span> 
     </span>
     <span class='ocr_line' id='line_1_20' title="bbox 318 2676 1317 2765; baseline 0.004 -25"><span class='ocrx_word' id='word_1_136' title='bbox 318 2677 551 2755; x_wconf 88' lang='lat' dir='ltr'><strong>benedictione,</strong></span> <span class='ocrx_word' id='word_1_137' title='bbox 575 2684 618 2765; x_wconf 48' lang='lat' dir='ltr'><strong>et,</strong></span> <span class='ocrx_word' id='word_1_138' title='bbox 630 2699 741 2741; x_wconf 80' lang='lat' dir='ltr'><strong>omnes</strong></span> <span class='ocrx_word' id='word_1_139' title='bbox 766 2677 889 2740; x_wconf 86' lang='lat' dir='ltr'><strong>infirmi</strong></span> <span class='ocrx_word' id='word_1_140' title='bbox 910 2697 948 2740; x_wconf 88' lang='lat' dir='ltr'><strong>ac</strong></span> <span class='ocrx_word' id='word_1_141' title='bbox 970 2676 1129 2742; x_wconf 88' lang='lat' dir='ltr'><strong>debilitati</strong></span> <span class='ocrx_word' id='word_1_142' title='bbox 1151 2679 1317 2758; x_wconf 86' lang='lat' dir='ltr'><strong>membris,</strong></span> 
     </span>
     <span class='ocr_line' id='line_1_21' title="bbox 318 2779 1316 2865; baseline 0.003 -21"><span class='ocrx_word' id='word_1_143' title='bbox 318 2781 476 2865; x_wconf 89' lang='lat' dir='ltr'><strong>variisque</strong></span> <span class='ocrx_word' id='word_1_144' title='bbox 500 2780 646 2864; x_wconf 88' lang='lat' dir='ltr'><strong>impediti</strong></span> <span class='ocrx_word' id='word_1_145' title='bbox 668 2779 888 2863; x_wconf 89' lang='lat' dir='ltr'><strong>languoribus,</strong></span> <span class='ocrx_word' id='word_1_146' title='bbox 914 2780 969 2864; x_wconf 91' lang='lat' dir='ltr'><strong>qui</strong></span> <span class='ocrx_word' id='word_1_147' title='bbox 995 2781 1135 2845; x_wconf 90' lang='lat' dir='ltr'><strong>adeum</strong></span> <span class='ocrx_word' id='word_1_148' title='bbox 1160 2803 1316 2847; x_wconf 89' lang='lat' dir='ltr'><strong>convene-</strong></span> 
     </span>
     <span class='ocr_line' id='line_1_22' title="bbox 318 2883 1316 2969; baseline 0.001 -21"><span class='ocrx_word' id='word_1_149' title='bbox 318 2890 406 2963; x_wconf 90' lang='lat' dir='ltr'><strong>runt,</strong></span> <span class='ocrx_word' id='word_1_150' title='bbox 429 2885 498 2969; x_wconf 87' lang='lat' dir='ltr'><strong>ejus</strong></span> <span class='ocrx_word' id='word_1_151' title='bbox 519 2883 738 2948; x_wconf 89' lang='lat' dir='ltr'><strong>beneficentiis</strong></span> <span class='ocrx_word' id='word_1_152' title='bbox 764 2883 954 2966; x_wconf 87' lang='lat' dir='ltr'><strong>refrigerati,</strong></span> <span class='ocrx_word' id='word_1_153' title='bbox 977 2890 1011 2948; x_wconf 90' lang='lat' dir='ltr'><strong>et</strong></span> <span class='ocrx_word' id='word_1_154' title='bbox 1035 2885 1154 2968; x_wconf 87' lang='lat' dir='ltr'><strong>optatis</strong></span> <span class='ocrx_word' id='word_1_155' title='bbox 1176 2886 1316 2969; x_wconf 87' lang='lat' dir='ltr'><strong>vegetati</strong></span> 
     </span>
     <span class='ocr_line' id='line_1_23' title="bbox 318 2986 1317 3053; baseline 0.001 -1"><span class='ocrx_word' id='word_1_156' title='bbox 318 2988 438 3053; x_wconf 91' lang='lat' dir='ltr'><strong>viribus</strong></span> <span class='ocrx_word' id='word_1_157' title='bbox 460 2988 496 3052; x_wconf 93' lang='lat' dir='ltr'><strong>in</strong></span> <span class='ocrx_word' id='word_1_158' title='bbox 518 3010 576 3052; x_wconf 89' lang='lat' dir='ltr'><strong>sua</strong></span> <span class='ocrx_word' id='word_1_159' title='bbox 597 2987 762 3051; x_wconf 87' lang='lat' dir='ltr'><strong>redierunt</strong></span> <span class='ocrx_word' id='word_1_160' title='bbox 783 2987 861 3051; x_wconf 88' lang='lat' dir='ltr'><strong>laeti.</strong></span> <span class='ocrx_word' id='word_1_161' title='bbox 905 2988 969 3052; x_wconf 88' lang='lat' dir='ltr'><strong>Pro</strong></span> <span class='ocrx_word' id='word_1_162' title='bbox 991 2986 1041 3051; x_wconf 88' lang='lat' dir='ltr'><strong>his</strong></span> <span class='ocrx_word' id='word_1_163' title='bbox 1063 2995 1173 3053; x_wconf 91' lang='lat' dir='ltr'><strong>autem</strong></span> <span class='ocrx_word' id='word_1_164' title='bbox 1190 2990 1317 3053; x_wconf 91' lang='lat' dir='ltr'><strong>animus</strong></span> 
     </span>
     <span class='ocr_line' id='line_1_24' title="bbox 320 3089 1318 3177; baseline 0 -19"><span class='ocrx_word' id='word_1_165' title='bbox 320 3094 389 3177; x_wconf 85' lang='lat' dir='ltr'><strong>ejus</strong></span> <span class='ocrx_word' id='word_1_166' title='bbox 403 3092 439 3155; x_wconf 91' lang='lat' dir='ltr'><strong>in</strong></span> <span class='ocrx_word' id='word_1_167' title='bbox 454 3092 599 3156; x_wconf 90' lang='lat' dir='ltr'><strong>elationis</strong></span> <span class='ocrx_word' id='word_1_168' title='bbox 611 3090 802 3175; x_wconf 87' lang='lat' dir='ltr'><strong>jactantiam</strong></span> <span class='ocrx_word' id='word_1_169' title='bbox 817 3112 883 3154; x_wconf 91' lang='lat' dir='ltr'><strong>non</strong></span> <span class='ocrx_word' id='word_1_170' title='bbox 899 3097 947 3154; x_wconf 88' lang='lat' dir='ltr'><strong>est</strong></span> <span class='ocrx_word' id='word_1_171' title='bbox 965 3089 1142 3170; x_wconf 85' lang='lat' dir='ltr'><strong>subrectus,</strong></span> <span class='ocrx_word' id='word_1_172' title='bbox 1158 3091 1216 3156; x_wconf 90' lang='lat' dir='ltr'><strong>sed</strong></span> <span class='ocrx_word' id='word_1_173' title='bbox 1230 3093 1318 3158; x_wconf 84' lang='lat' dir='ltr'><strong>ultra</strong></span> 
     </span>
     <span class='ocr_line' id='line_1_25' title="bbox 321 3194 1319 3280; baseline 0 -20"><span class='ocrx_word' id='word_1_174' title='bbox 321 3219 417 3280; x_wconf 90' lang='lat' dir='ltr'><strong>qoam</strong></span> <span class='ocrx_word' id='word_1_175' title='bbox 432 3196 582 3260; x_wconf 88' lang='lat' dir='ltr'><strong>admirari</strong></span> <span class='ocrx_word' id='word_1_176' title='bbox 594 3201 710 3279; x_wconf 93' lang='lat' dir='ltr'><strong>potest,</strong></span> <span class='ocrx_word' id='word_1_177' title='bbox 726 3215 808 3259; x_wconf 87' lang='lat' dir='ltr'><strong>verae</strong></span> <span class='ocrx_word' id='word_1_178' title='bbox 828 3194 1019 3259; x_wconf 87' lang='lat' dir='ltr'><strong>humilitatis</strong></span> <span class='ocrx_word' id='word_1_179' title='bbox 1036 3195 1164 3259; x_wconf 83' lang='lat' dir='ltr'><strong>cautela</strong></span> <span class='ocrx_word' id='word_1_180' title='bbox 1175 3196 1213 3259; x_wconf 91' lang='lat' dir='ltr'><strong>in</strong></span> <span class='ocrx_word' id='word_1_181' title='bbox 1225 3218 1319 3260; x_wconf 88' lang='lat' dir='ltr'><strong>man-</strong></span> 
     </span>
     <span class='ocr_line' id='line_1_26' title="bbox 321 3297 1316 3383; baseline 0 -19"><span class='ocrx_word' id='word_1_182' title='bbox 321 3301 510 3378; x_wconf 90' lang='lat' dir='ltr'><strong>suetudinis,</strong></span> <span class='ocrx_word' id='word_1_183' title='bbox 533 3299 706 3383; x_wconf 76' lang='lat' dir='ltr'><strong>patientiae,</strong></span> <span class='ocrx_word' id='word_1_184' title='bbox 729 3298 896 3376; x_wconf 88' lang='lat' dir='ltr'><strong>castitatis,</strong></span> <span class='ocrx_word' id='word_1_185' title='bbox 918 3297 1150 3381; x_wconf 87' lang='lat' dir='ltr'><strong>temperantiae,</strong></span> <span class='ocrx_word' id='word_1_186' title='bbox 1170 3299 1316 3383; x_wconf 77' lang='lat' dir='ltr'><strong>justitiae,</strong></span> 
     </span>
     <span class='ocr_line' id='line_1_27' title="bbox 321 3400 1319 3485; baseline -0.001 -17"><span class='ocrx_word' id='word_1_187' title='bbox 321 3405 499 3468; x_wconf 83' lang='lat' dir='ltr'><strong>dilectionis</strong></span> <span class='ocrx_word' id='word_1_188' title='bbox 514 3404 576 3467; x_wconf 93' lang='lat' dir='ltr'><strong>Dei</strong></span> <span class='ocrx_word' id='word_1_189' title='bbox 591 3410 624 3466; x_wconf 94' lang='lat' dir='ltr'><strong>et</strong></span> <span class='ocrx_word' id='word_1_190' title='bbox 643 3400 779 3485; x_wconf 82' lang='lat' dir='ltr'><strong>proximi</strong></span> <span class='ocrx_word' id='word_1_191' title='bbox 796 3401 939 3485; x_wconf 88' lang='lat' dir='ltr'><strong>pignore,</strong></span> <span class='ocrx_word' id='word_1_192' title='bbox 955 3407 988 3465; x_wconf 90' lang='lat' dir='ltr'><strong>et</strong></span> <span class='ocrx_word' id='word_1_193' title='bbox 1008 3407 1137 3465; x_wconf 84' lang='lat' dir='ltr'><strong>aeternae</strong></span> <span class='ocrx_word' id='word_1_194' title='bbox 1151 3403 1319 3467; x_wconf 75' lang='lat' dir='ltr'><strong>charitatis</strong></span> 
     </span>
     <span class='ocr_line' id='line_1_28' title="bbox 320 3503 1318 3590; baseline -0.001 -19"><span class='ocrx_word' id='word_1_195' title='bbox 320 3507 532 3572; x_wconf 81' lang='lat' dir='ltr'><strong>fundamento</strong></span> <span class='ocrx_word' id='word_1_196' title='bbox 547 3513 616 3570; x_wconf 87' lang='lat' dir='ltr'><strong>erat</strong></span> <span class='ocrx_word' id='word_1_197' title='bbox 630 3504 794 3570; x_wconf 89' lang='lat' dir='ltr'><strong>fundatus.</strong></span> <span class='ocrx_word' id='word_1_198' title='bbox 824 3503 1025 3568; x_wconf 81' lang='lat' dir='ltr'><strong>Favorabiles</strong></span> <span class='ocrx_word' id='word_1_199' title='bbox 1039 3504 1149 3588; x_wconf 88' lang='lat' dir='ltr'><strong>itaque</strong></span> <span class='ocrx_word' id='word_1_200' title='bbox 1163 3506 1318 3590; x_wconf 82' lang='lat' dir='ltr'><strong>rumigeri</strong></span> 
     </span>
     <span class='ocr_line' id='line_1_29' title="bbox 320 3606 1319 3692; baseline 0 -20"><span class='ocrx_word' id='word_1_201' title='bbox 320 3610 528 3692; x_wconf 91' lang='lat' dir='ltr'><strong>loquacitates</strong></span> <span class='ocrx_word' id='word_1_202' title='bbox 551 3607 649 3689; x_wconf 90' lang='lat' dir='ltr'><strong>vulgi,</strong></span> <span class='ocrx_word' id='word_1_203' title='bbox 672 3613 828 3691; x_wconf 88' lang='lat' dir='ltr'><strong>tanquam</strong></span> <span class='ocrx_word' id='word_1_204' title='bbox 856 3628 892 3670; x_wconf 84' lang='lat' dir='ltr'><strong>os</strong></span> <span class='ocrx_word' id='word_1_205' title='bbox 920 3606 1087 3671; x_wconf 90' lang='lat' dir='ltr'><strong>abhorruit</strong></span> <span class='ocrx_word' id='word_1_206' title='bbox 1112 3607 1319 3674; x_wconf 83' lang='lat' dir='ltr'><strong>flammivomi</strong></span> 
     </span>
     <span class='ocr_line' id='line_1_30' title="bbox 322 3711 478 3779; baseline -0.019 0"><span class='ocrx_word' id='word_1_207' title='bbox 322 3711 478 3779; x_wconf 86' lang='lat' dir='ltr'><strong>draconis.</strong></span> 
     </span>
    </p>

    <p class='ocr_par' dir='ltr' id='par_1_5' title="bbox 318 3812 1320 4310">
     <span class='ocr_line' id='line_1_31' title="bbox 365 3812 1318 3898; baseline 0 -19"><span class='ocrx_word' id='word_1_208' title='bbox 365 3816 408 3879; x_wconf 94' lang='lat' dir='ltr'><strong>In</strong></span> <span class='ocrx_word' id='word_1_209' title='bbox 422 3815 472 3878; x_wconf 91' lang='lat' dir='ltr'><strong>his</strong></span> <span class='ocrx_word' id='word_1_210' title='bbox 490 3834 615 3897; x_wconf 89' lang='lat' dir='ltr'><strong>semper</strong></span> <span class='ocrx_word' id='word_1_211' title='bbox 635 3812 788 3878; x_wconf 80' lang='lat' dir='ltr'><strong>sollicitus</strong></span> <span class='ocrx_word' id='word_1_212' title='bbox 804 3834 875 3895; x_wconf 88' lang='lat' dir='ltr'><strong>quae</strong></span> <span class='ocrx_word' id='word_1_213' title='bbox 890 3819 967 3876; x_wconf 88' lang='lat' dir='ltr'><strong>sunt</strong></span> <span class='ocrx_word' id='word_1_214' title='bbox 982 3813 1055 3893; x_wconf 92' lang='lat' dir='ltr'><strong>Dei,</strong></span> <span class='ocrx_word' id='word_1_215' title='bbox 1070 3833 1138 3877; x_wconf 93' lang='lat' dir='ltr'><strong>non</strong></span> <span class='ocrx_word' id='word_1_216' title='bbox 1153 3835 1226 3898; x_wconf 85' lang='lat' dir='ltr'><strong>quae</strong></span> <span class='ocrx_word' id='word_1_217' title='bbox 1240 3822 1318 3880; x_wconf 91' lang='lat' dir='ltr'><strong>sunt</strong></span> 
     </span>
     <span class='ocr_line' id='line_1_32' title="bbox 321 3916 1317 4001; baseline -0.001 -17"><span class='ocrx_word' id='word_1_218' title='bbox 321 3918 446 3997; x_wconf 89' lang='lat' dir='ltr'><strong>mundi,</strong></span> <span class='ocrx_word' id='word_1_219' title='bbox 472 3917 574 3982; x_wconf 85' lang='lat' dir='ltr'><strong>sciens</strong></span> <span class='ocrx_word' id='word_1_220' title='bbox 604 3917 755 4000; x_wconf 86' lang='lat' dir='ltr'><strong>quoniam</strong></span> <span class='ocrx_word' id='word_1_221' title='bbox 783 3916 964 3980; x_wconf 87' lang='lat' dir='ltr'><strong>mirificavit</strong></span> <span class='ocrx_word' id='word_1_222' title='bbox 993 3917 1156 3981; x_wconf 88' lang='lat' dir='ltr'><strong>Dominus</strong></span> <span class='ocrx_word' id='word_1_223' title='bbox 1183 3917 1317 4001; x_wconf 79' lang='lat' dir='ltr'><strong>gloriam</strong></span> 
     </span>
     <span class='ocr_line' id='line_1_33' title="bbox 321 4019 1320 4104; baseline 0 -18"><span class='ocrx_word' id='word_1_224' title='bbox 321 4045 414 4087; x_wconf 87' lang='lat' dir='ltr'><strong>suam</strong></span> <span class='ocrx_word' id='word_1_225' title='bbox 439 4043 513 4087; x_wconf 92' lang='lat' dir='ltr'><strong>cum</strong></span> <span class='ocrx_word' id='word_1_226' title='bbox 539 4043 587 4100; x_wconf 83' lang='lat' dir='ltr'><strong>eo,</strong></span> <span class='ocrx_word' id='word_1_227' title='bbox 614 4028 646 4085; x_wconf 92' lang='lat' dir='ltr'><strong>et</strong></span> <span class='ocrx_word' id='word_1_228' title='bbox 673 4026 791 4084; x_wconf 86' lang='lat' dir='ltr'><strong>sanctae</strong></span> <span class='ocrx_word' id='word_1_229' title='bbox 822 4041 888 4084; x_wconf 88' lang='lat' dir='ltr'><strong>suae</strong></span> <span class='ocrx_word' id='word_1_230' title='bbox 916 4019 1136 4084; x_wconf 87' lang='lat' dir='ltr'><strong>meditationis</strong></span> <span class='ocrx_word' id='word_1_231' title='bbox 1162 4021 1320 4104; x_wconf 88' lang='lat' dir='ltr'><strong>gravitate</strong></span> 
     </span>
     <span class='ocr_line' id='line_1_34' title="bbox 318 4123 1318 4211; baseline -0.001 -20"><span class='ocrx_word' id='word_1_232' title='bbox 318 4127 428 4211; x_wconf 81' lang='lat' dir='ltr'><strong>jocum</strong></span> <span class='ocrx_word' id='word_1_233' title='bbox 457 4125 656 4208; x_wconf 88' lang='lat' dir='ltr'><strong>temperavit,</strong></span> <span class='ocrx_word' id='word_1_234' title='bbox 683 4124 872 4207; x_wconf 87' lang='lat' dir='ltr'><strong>culpamque</strong></span> <span class='ocrx_word' id='word_1_235' title='bbox 896 4123 932 4187; x_wconf 91' lang='lat' dir='ltr'><strong>in</strong></span> <span class='ocrx_word' id='word_1_236' title='bbox 961 4144 995 4188; x_wconf 88' lang='lat' dir='ltr'><strong>se</strong></span> <span class='ocrx_word' id='word_1_237' title='bbox 1023 4124 1262 4206; x_wconf 87' lang='lat' dir='ltr'><strong>reprehendens</strong></span> <span class='ocrx_word' id='word_1_238' title='bbox 1291 4126 1318 4190; x_wconf 91' lang='lat' dir='ltr'><strong>si</strong></span> 
     </span>
     <span class='ocr_line' id='line_1_35' title="bbox 321 4226 1319 4310; baseline -0.001 -16"><span class='ocrx_word' id='word_1_239' title='bbox 321 4231 482 4295; x_wconf 88' lang='lat' dir='ltr'><strong>talentum</strong></span> <span class='ocrx_word' id='word_1_240' title='bbox 494 4229 557 4293; x_wconf 55' lang='lat' dir='ltr'><strong>¹sibi</strong></span> <span class='ocrx_word' id='word_1_241' title='bbox 579 4227 737 4292; x_wconf 89' lang='lat' dir='ltr'><strong>creditum</strong></span> <span class='ocrx_word' id='word_1_242' title='bbox 758 4226 793 4290; x_wconf 91' lang='lat' dir='ltr'><strong>in</strong></span> <span class='ocrx_word' id='word_1_243' title='bbox 815 4227 913 4290; x_wconf 90' lang='lat' dir='ltr'><strong>unius</strong></span> <span class='ocrx_word' id='word_1_244' title='bbox 934 4227 1073 4310; x_wconf 89' lang='lat' dir='ltr'><strong>regionis</strong></span> <span class='ocrx_word' id='word_1_245' title='bbox 1093 4228 1163 4292; x_wconf 90' lang='lat' dir='ltr'><strong>looo</strong></span> <span class='ocrx_word' id='word_1_246' title='bbox 1177 4249 1319 4294; x_wconf 89' lang='lat' dir='ltr'><strong>commo·</strong></span> 
     </span>
    </p>
   </div>
   <div class='ocr_carea' id='block_1_4' title="bbox 202 4330 1319 4413">
    <p class='ocr_par' dir='ltr' id='par_1_6' title="bbox 202 4330 1319 4413">
     <span class='ocr_line' id='line_1_36' title="bbox 202 4330 1319 4413; baseline -0.004 -13"><span class='ocrx_word' id='word_1_247' title='bbox 202 4396 204 4400; x_wconf 87' lang='lat'>.</span> <span class='ocrx_word' id='word_1_248' title='bbox 321 4333 432 4411; x_wconf 84' lang='lat' dir='ltr'><strong>raudo,</strong></span> <span class='ocrx_word' id='word_1_249' title='bbox 448 4332 636 4410; x_wconf 87' lang='lat' dir='ltr'><strong>lucraretur,</strong></span> <span class='ocrx_word' id='word_1_250' title='bbox 652 4352 725 4395; x_wconf 92' lang='lat' dir='ltr'><strong>cum</strong></span> <span class='ocrx_word' id='word_1_251' title='bbox 740 4330 836 4394; x_wconf 88' lang='lat' dir='ltr'><strong>sciret</strong></span> <span class='ocrx_word' id='word_1_252' title='bbox 849 4330 968 4394; x_wconf 86' lang='lat' dir='ltr'><strong>multas</strong></span> <span class='ocrx_word' id='word_1_253' title='bbox 983 4338 1096 4413; x_wconf 85' lang='lat' dir='ltr'><strong>gentes</strong></span> <span class='ocrx_word' id='word_1_254' title='bbox 1111 4331 1255 4397; x_wconf 83' lang='lat' dir='ltr'><strong>caecitate</strong></span> <span class='ocrx_word' id='word_1_255' title='bbox 1269 4332 1319 4396; x_wconf 89' lang='lat' dir='ltr'><strong>sui</strong></span> 
     </span>
    </p>
   </div>
   <div class='ocr_carea' id='block_1_5' title="bbox 323 4434 1326 4629">
    <p class='ocr_par' dir='ltr' id='par_1_7' title="bbox 323 4434 1326 4629">
     <span class='ocr_line' id='line_1_37' title="bbox 323 4434 1318 4520; baseline 0.002 -22"><span class='ocrx_word' id='word_1_256' title='bbox 323 4436 436 4500; x_wconf 82' lang='lat' dir='ltr'><strong>erroris</strong></span> <span class='ocrx_word' id='word_1_257' title='bbox 458 4435 585 4516; x_wconf 89' lang='lat' dir='ltr'><strong>irretiri,</strong></span> <span class='ocrx_word' id='word_1_258' title='bbox 602 4443 679 4520; x_wconf 87' lang='lat' dir='ltr'><strong>quas</strong></span> <span class='ocrx_word' id='word_1_259' title='bbox 701 4441 861 4519; x_wconf 83' lang='lat' dir='ltr'><strong>oporteret</strong></span> <span class='ocrx_word' id='word_1_260' title='bbox 881 4434 1059 4499; x_wconf 86' lang='lat' dir='ltr'><strong>Dominioae</strong></span> <span class='ocrx_word' id='word_1_261' title='bbox 1081 4435 1235 4499; x_wconf 88' lang='lat' dir='ltr'><strong>claritatis</strong></span> <span class='ocrx_word' id='word_1_262' title='bbox 1255 4437 1318 4500; x_wconf 81' lang='lat' dir='ltr'><strong>ful-</strong></span> 
     </span>
     <span class='ocr_line' id='line_1_38' title="bbox 324 4538 1326 4629; baseline 0.001 -26"><span class='ocrx_word' id='word_1_263' title='bbox 324 4560 399 4620; x_wconf 87' lang='lat' dir='ltr'><strong>gore</strong></span> <span class='ocrx_word' id='word_1_264' title='bbox 420 4539 575 4620; x_wconf 87' lang='lat' dir='ltr'><strong>irradiari,</strong></span> <span class='ocrx_word' id='word_1_265' title='bbox 597 4540 702 4604; x_wconf 90' lang='lat' dir='ltr'><strong>visum</strong></span> <span class='ocrx_word' id='word_1_266' title='bbox 715 4614 720 4629; x_wconf 17' lang='grc' dir='ltr'><strong>ι,</strong></span> <span class='ocrx_word' id='word_1_267' title='bbox 727 4545 776 4603; x_wconf 88' lang='lat' dir='ltr'><strong>est</strong></span> <span class='ocrx_word' id='word_1_268' title='bbox 798 4538 829 4602; x_wconf 92' lang='lat' dir='ltr'><strong>ei</strong></span> <span class='ocrx_word' id='word_1_269' title='bbox 850 4538 971 4602; x_wconf 87' lang='lat' dir='ltr'><strong>Christi</strong></span> <span class='ocrx_word' id='word_1_270' title='bbox 991 4539 1156 4604; x_wconf 89' lang='lat' dir='ltr'><strong>lucernam</strong></span> <span class='ocrx_word' id='word_1_271' title='bbox 1180 4539 1326 4624; x_wconf 85' lang='lat' dir='ltr'><strong>Spiritus</strong></span> 
     </span>
    </p>
   </div>
   <div class='ocr_carea' id='block_1_6' title="bbox 0 0 1646 5467">
    <p class='ocr_par' dir='ltr' id='par_1_8' title="bbox 0 0 1646 5467">
     <span class='ocr_line' id='line_1_39' title="bbox 0 0 1646 5467; baseline 0 0"><span class='ocrx_word' id='word_1_272' title='bbox 0 0 1646 5467; x_wconf 95' lang='lat' dir='ltr'><strong> </strong></span> 
     </span>
    </p>
   </div>
  </div>
 </body>
</html>
