<?xml version="1.0" encoding="UTF-8"?>
<!DOCTYPE html PUBLIC "-//W3C//DTD XHTML 1.0 Transitional//EN"
    "http://www.w3.org/TR/xhtml1/DTD/xhtml1-transitional.dtd">
<html xmlns="http://www.w3.org/1999/xhtml" xml:lang="en" lang="en">
 <head>
  <title>
</title>
<meta http-equiv="Content-Type" content="text/html;charset=utf-8" />
  <meta name='ocr-system' content='tesseract 3.04.00' />
  <meta name='ocr-capabilities' content='ocr_page ocr_carea ocr_par ocr_line ocrx_word'/>
</head>
<body>
  <div class='ocr_page' id='page_1' title='image "./operaquaeextant00bonigoog_0066.png"; bbox 0 0 3259 5467; ppageno 0'>
   <div class='ocr_carea' id='block_1_1' title="bbox 601 712 1318 772">
    <p class='ocr_par' dir='ltr' id='par_1_1' title="bbox 601 712 1318 772">
     <span class='ocr_line' id='line_1_1' title="bbox 601 712 1318 772; baseline 0.006 -5"><span class='ocrx_word' id='word_1_1' title='bbox 601 727 641 767; x_wconf 83' lang='lat' dir='ltr'><strong>ur</strong></span> <span class='ocrx_word' id='word_1_2' title='bbox 659 726 833 769; x_wconf 33' lang='lat' dir='ltr'><strong>mesariam</strong></span> <span class='ocrx_word' id='word_1_3' title='bbox 851 728 1037 769; x_wconf 82' lang='lat' dir='ltr'><strong>snauouns.</strong></span> <span class='ocrx_word' id='word_1_4' title='bbox 1236 761 1238 767; x_wconf 31' lang='lat' dir='ltr'>s</span> <span class='ocrx_word' id='word_1_5' title='bbox 1276 712 1318 772; x_wconf 87' lang='lat'><strong>59</strong></span> 
     </span>
    </p>
   </div>
   <div class='ocr_carea' id='block_1_2' title="bbox 706 1073 931 1137">
    <p class='ocr_par' dir='ltr' id='par_1_2' title="bbox 706 1073 931 1137">
     <span class='ocr_line' id='line_1_2' title="bbox 706 1073 931 1137; baseline 0.009 -3"><span class='ocrx_word' id='word_1_6' title='bbox 706 1073 861 1136; x_wconf 84' lang='lat' dir='ltr'><strong>SERMO</strong></span> <span class='ocrx_word' id='word_1_7' title='bbox 884 1073 931 1137; x_wconf 95' lang='grc' dir='ltr'><strong>ΙΙ.</strong></span> 
     </span>
    </p>
   </div>
   <div class='ocr_carea' id='block_1_3' title="bbox 543 1229 1087 1310">
    <p class='ocr_par' dir='ltr' id='par_1_3' title="bbox 543 1229 1087 1310">
     <span class='ocr_line' id='line_1_3' title="bbox 543 1229 1087 1310; baseline 0.006 -19"><span class='ocrx_word' id='word_1_8' title='bbox 543 1230 591 1291; x_wconf 90' lang='lat' dir='ltr'><strong>De</strong></span> <span class='ocrx_word' id='word_1_9' title='bbox 606 1230 723 1310; x_wconf 68' lang='lat' dir='ltr'><strong>origine</strong></span> <span class='ocrx_word' id='word_1_10' title='bbox 738 1231 877 1291; x_wconf 73' lang='lat' dir='ltr'><strong>humanae</strong></span> <span class='ocrx_word' id='word_1_11' title='bbox 893 1229 1087 1295; x_wconf 77' lang='lat' dir='ltr'><strong>conditionis.</strong></span> 
     </span>
    </p>
   </div>
   <div class='ocr_carea' id='block_1_4' title="bbox 313 1381 1315 4757">
    <p class='ocr_par' dir='ltr' id='par_1_4' title="bbox 313 1381 1315 4681">
     <span class='ocr_line' id='line_1_4' title="bbox 361 1381 1314 1467; baseline 0.004 -25"><span class='ocrx_word' id='word_1_12' title='bbox 361 1382 391 1442; x_wconf 92' lang='lat'><strong>1.</strong></span> <span class='ocrx_word' id='word_1_13' title='bbox 417 1382 522 1444; x_wconf 79' lang='lat' dir='ltr'><strong>Serae</strong></span> <span class='ocrx_word' id='word_1_14' title='bbox 543 1383 706 1460; x_wconf 89' lang='lat' dir='ltr'><strong>debemus,</strong></span> <span class='ocrx_word' id='word_1_15' title='bbox 726 1383 841 1446; x_wconf 87' lang='lat' dir='ltr'><strong>fratres</strong></span> <span class='ocrx_word' id='word_1_16' title='bbox 861 1381 1067 1462; x_wconf 82' lang='lat' dir='ltr'><strong>dilectissimi,</strong></span> <span class='ocrx_word' id='word_1_17' title='bbox 1084 1385 1239 1467; x_wconf 85' lang='lat' dir='ltr'><strong>originem</strong></span> <span class='ocrx_word' id='word_1_18' title='bbox 1256 1385 1314 1446; x_wconf 90' lang='lat' dir='ltr'><strong>bu·</strong></span> 
     </span>
     <span class='ocr_line' id='line_1_5' title="bbox 313 1486 1315 1569; baseline 0.005 -25"><span class='ocrx_word' id='word_1_19' title='bbox 313 1503 423 1547; x_wconf 85' lang='lat' dir='ltr'><strong>manoe</strong></span> <span class='ocrx_word' id='word_1_20' title='bbox 437 1486 639 1564; x_wconf 87' lang='lat' dir='ltr'><strong>conditionis,</strong></span> <span class='ocrx_word' id='word_1_21' title='bbox 655 1493 693 1550; x_wconf 91' lang='lat' dir='ltr'><strong>ut</strong></span> <span class='ocrx_word' id='word_1_22' title='bbox 707 1486 823 1549; x_wconf 83' lang='lat' dir='ltr'><strong>exinde</strong></span> <span class='ocrx_word' id='word_1_23' title='bbox 845 1507 1073 1569; x_wconf 86' lang='lat' dir='ltr'><strong>cognoscamus</strong></span> <span class='ocrx_word' id='word_1_24' title='bbox 1092 1488 1263 1551; x_wconf 83' lang='lat' dir='ltr'><strong>maximam</strong></span> <span class='ocrx_word' id='word_1_25' title='bbox 1279 1487 1315 1550; x_wconf 91' lang='lat' dir='ltr'><strong>in</strong></span> 
     </span>
     <span class='ocr_line' id='line_1_6' title="bbox 313 1589 1314 1674; baseline 0.005 -26"><span class='ocrx_word' id='word_1_26' title='bbox 313 1607 375 1649; x_wconf 87' lang='lat' dir='ltr'><strong>nos</strong></span> <span class='ocrx_word' id='word_1_27' title='bbox 395 1589 545 1652; x_wconf 89' lang='lat' dir='ltr'><strong>creatoris</strong></span> <span class='ocrx_word' id='word_1_28' title='bbox 562 1589 664 1653; x_wconf 80' lang='lat' dir='ltr'><strong>nostri</strong></span> <span class='ocrx_word' id='word_1_29' title='bbox 681 1589 940 1668; x_wconf 88' lang='lat' dir='ltr'><strong>misericordiam,</strong></span> <span class='ocrx_word' id='word_1_30' title='bbox 957 1591 1012 1673; x_wconf 91' lang='lat' dir='ltr'><strong>qui</strong></span> <span class='ocrx_word' id='word_1_31' title='bbox 1028 1591 1147 1674; x_wconf 86' lang='lat' dir='ltr'><strong>primos</strong></span> <span class='ocrx_word' id='word_1_32' title='bbox 1166 1596 1314 1674; x_wconf 85' lang='lat' dir='ltr'><strong>parentes</strong></span> 
     </span>
     <span class='ocr_line' id='line_1_7' title="bbox 313 1692 1312 1772; baseline 0.006 -21"><span class='ocrx_word' id='word_1_33' title='bbox 313 1699 452 1771; x_wconf 91' lang='lat' dir='ltr'><strong>nostros,</strong></span> <span class='ocrx_word' id='word_1_34' title='bbox 473 1693 579 1756; x_wconf 88' lang='lat' dir='ltr'><strong>Adam</strong></span> <span class='ocrx_word' id='word_1_35' title='bbox 604 1693 724 1757; x_wconf 87' lang='lat' dir='ltr'><strong>scilicet</strong></span> <span class='ocrx_word' id='word_1_36' title='bbox 750 1700 782 1756; x_wconf 89' lang='lat' dir='ltr'><strong>et</strong></span> <span class='ocrx_word' id='word_1_37' title='bbox 805 1693 907 1755; x_wconf 82' lang='lat' dir='ltr'><strong>Evam</strong></span> <span class='ocrx_word' id='word_1_38' title='bbox 930 1714 1063 1758; x_wconf 86' lang='lat' dir='ltr'><strong>uxorem</strong></span> <span class='ocrx_word' id='word_1_39' title='bbox 1085 1694 1180 1772; x_wconf 91' lang='lat' dir='ltr'><strong>illius,</strong></span> <span class='ocrx_word' id='word_1_40' title='bbox 1203 1692 1312 1757; x_wconf 94' lang='lat' dir='ltr'><strong>condi-</strong></span> 
     </span>
     <span class='ocr_line' id='line_1_8' title="bbox 313 1793 1312 1880; baseline 0.003 -24"><span class='ocrx_word' id='word_1_41' title='bbox 313 1793 365 1856; x_wconf 90' lang='lat' dir='ltr'><strong>dit</strong></span> <span class='ocrx_word' id='word_1_42' title='bbox 380 1815 420 1858; x_wconf 84' lang='lat' dir='ltr'><strong>ex</strong></span> <span class='ocrx_word' id='word_1_43' title='bbox 435 1796 512 1859; x_wconf 90' lang='lat' dir='ltr'><strong>limo</strong></span> <span class='ocrx_word' id='word_1_44' title='bbox 527 1802 631 1875; x_wconf 88' lang='lat' dir='ltr'><strong>terrae,</strong></span> <span class='ocrx_word' id='word_1_45' title='bbox 641 1803 673 1860; x_wconf 97' lang='lat' dir='ltr'><strong>et</strong></span> <span class='ocrx_word' id='word_1_46' title='bbox 688 1795 822 1859; x_wconf 90' lang='lat' dir='ltr'><strong>immisit</strong></span> <span class='ocrx_word' id='word_1_47' title='bbox 836 1795 871 1858; x_wconf 93' lang='lat' dir='ltr'><strong>in</strong></span> <span class='ocrx_word' id='word_1_48' title='bbox 886 1817 940 1859; x_wconf 88' lang='lat' dir='ltr'><strong>eos</strong></span> <span class='ocrx_word' id='word_1_49' title='bbox 953 1797 1109 1880; x_wconf 83' lang='lat' dir='ltr'><strong>Spiritum</strong></span> <span class='ocrx_word' id='word_1_50' title='bbox 1123 1797 1312 1861; x_wconf 77' lang='lat' dir='ltr'><strong>rationalem</strong></span> 
     </span>
     <span class='ocr_line' id='line_1_9' title="bbox 316 1898 1312 1983; baseline 0.002 -23"><span class='ocrx_word' id='word_1_51' title='bbox 316 1904 351 1961; x_wconf 94' lang='lat' dir='ltr'><strong>et</strong></span> <span class='ocrx_word' id='word_1_52' title='bbox 364 1898 625 1980; x_wconf 80' lang='lat' dir='ltr'><strong>intellectualem,</strong></span> <span class='ocrx_word' id='word_1_53' title='bbox 642 1921 705 1983; x_wconf 91' lang='lat' dir='ltr'><strong>quo</strong></span> <span class='ocrx_word' id='word_1_54' title='bbox 720 1904 895 1963; x_wconf 85' lang='lat' dir='ltr'><strong>creatorem</strong></span> <span class='ocrx_word' id='word_1_55' title='bbox 911 1921 1006 1963; x_wconf 88' lang='lat' dir='ltr'><strong>suum</strong></span> <span class='ocrx_word' id='word_1_56' title='bbox 1024 1907 1263 1983; x_wconf 84' lang='lat' dir='ltr'><strong>cognoscerent,</strong></span> <span class='ocrx_word' id='word_1_57' title='bbox 1279 1907 1312 1962; x_wconf 88' lang='lat' dir='ltr'><strong>et</strong></span> 
     </span>
     <span class='ocr_line' id='line_1_10' title="bbox 315 2000 1312 2087; baseline 0 -23"><span class='ocrx_word' id='word_1_58' title='bbox 315 2000 497 2083; x_wconf 81' lang='lat' dir='ltr'><strong>laudarent,</strong></span> <span class='ocrx_word' id='word_1_59' title='bbox 513 2012 546 2068; x_wconf 91' lang='lat' dir='ltr'><strong>et</strong></span> <span class='ocrx_word' id='word_1_60' title='bbox 561 2004 728 2069; x_wconf 88' lang='lat' dir='ltr'><strong>constituit</strong></span> <span class='ocrx_word' id='word_1_61' title='bbox 742 2024 797 2067; x_wconf 89' lang='lat' dir='ltr'><strong>eos</strong></span> <span class='ocrx_word' id='word_1_62' title='bbox 811 2003 847 2066; x_wconf 93' lang='lat' dir='ltr'><strong>in</strong></span> <span class='ocrx_word' id='word_1_63' title='bbox 861 2003 1001 2087; x_wconf 86' lang='lat' dir='ltr'><strong>paradisi</strong></span> <span class='ocrx_word' id='word_1_64' title='bbox 1018 2002 1200 2067; x_wconf 89' lang='lat' dir='ltr'><strong>dulcissima</strong></span> <span class='ocrx_word' id='word_1_65' title='bbox 1213 2003 1312 2067; x_wconf 86' lang='lat' dir='ltr'><strong>felici-</strong></span> 
     </span>
     <span class='ocr_line' id='line_1_11' title="bbox 316 2106 1312 2190; baseline 0.001 -22"><span class='ocrx_word' id='word_1_66' title='bbox 316 2111 396 2185; x_wconf 88' lang='lat' dir='ltr'><strong>tate,</strong></span> <span class='ocrx_word' id='word_1_67' title='bbox 411 2113 449 2171; x_wconf 93' lang='lat' dir='ltr'><strong>ut</strong></span> <span class='ocrx_word' id='word_1_68' title='bbox 467 2108 503 2171; x_wconf 93' lang='lat' dir='ltr'><strong>in</strong></span> <span class='ocrx_word' id='word_1_69' title='bbox 523 2129 561 2172; x_wconf 90' lang='lat' dir='ltr'><strong>eo</strong></span> <span class='ocrx_word' id='word_1_70' title='bbox 583 2109 652 2171; x_wconf 90' lang='lat' dir='ltr'><strong>sine</strong></span> <span class='ocrx_word' id='word_1_71' title='bbox 674 2107 792 2184; x_wconf 88' lang='lat' dir='ltr'><strong>labore,</strong></span> <span class='ocrx_word' id='word_1_72' title='bbox 808 2112 842 2171; x_wconf 91' lang='lat' dir='ltr'><strong>et</strong></span> <span class='ocrx_word' id='word_1_73' title='bbox 856 2106 973 2184; x_wconf 92' lang='lat' dir='ltr'><strong>dolore,</strong></span> <span class='ocrx_word' id='word_1_74' title='bbox 990 2115 1022 2170; x_wconf 92' lang='lat' dir='ltr'><strong>et</strong></span> <span class='ocrx_word' id='word_1_75' title='bbox 1041 2108 1153 2171; x_wconf 89' lang='lat' dir='ltr'><strong>mortis</strong></span> <span class='ocrx_word' id='word_1_76' title='bbox 1172 2107 1312 2190; x_wconf 88' lang='lat' dir='ltr'><strong>periculo</strong></span> 
     </span>
     <span class='ocr_line' id='line_1_12' title="bbox 316 2209 1311 2293; baseline 0.001 -21"><span class='ocrx_word' id='word_1_77' title='bbox 316 2209 470 2289; x_wconf 82' lang='lat' dir='ltr'><strong>viverent,</strong></span> <span class='ocrx_word' id='word_1_78' title='bbox 487 2211 588 2275; x_wconf 92' lang='lat' dir='ltr'><strong>donec</strong></span> <span class='ocrx_word' id='word_1_79' title='bbox 602 2211 751 2275; x_wconf 84' lang='lat' dir='ltr'><strong>translati</strong></span> <span class='ocrx_word' id='word_1_80' title='bbox 768 2217 876 2274; x_wconf 89' lang='lat' dir='ltr'><strong>essent</strong></span> <span class='ocrx_word' id='word_1_81' title='bbox 893 2210 928 2272; x_wconf 94' lang='lat' dir='ltr'><strong>in</strong></span> <span class='ocrx_word' id='word_1_82' title='bbox 943 2210 1080 2274; x_wconf 87' lang='lat' dir='ltr'><strong>coelestis</strong></span> <span class='ocrx_word' id='word_1_83' title='bbox 1094 2211 1186 2293; x_wconf 86' lang='lat' dir='ltr'><strong>regni</strong></span> <span class='ocrx_word' id='word_1_84' title='bbox 1201 2229 1311 2293; x_wconf 90' lang='lat' dir='ltr'><strong>perpe-</strong></span> 
     </span>
     <span class='ocr_line' id='line_1_13' title="bbox 316 2313 1312 2397; baseline 0.001 -21"><span class='ocrx_word' id='word_1_85' title='bbox 316 2320 409 2376; x_wconf 87' lang='lat' dir='ltr'><strong>tuam</strong></span> <span class='ocrx_word' id='word_1_86' title='bbox 427 2314 670 2379; x_wconf 86' lang='lat' dir='ltr'><strong>beatitudinem.</strong></span> <span class='ocrx_word' id='word_1_87' title='bbox 715 2315 758 2377; x_wconf 81' lang='lat' dir='ltr'><strong>Et</strong></span> <span class='ocrx_word' id='word_1_88' title='bbox 778 2313 929 2397; x_wconf 84' lang='lat' dir='ltr'><strong>praecepit</strong></span> <span class='ocrx_word' id='word_1_89' title='bbox 951 2314 997 2377; x_wconf 91' lang='lat' dir='ltr'><strong>eis</strong></span> <span class='ocrx_word' id='word_1_90' title='bbox 1016 2313 1055 2377; x_wconf 90' lang='lat' dir='ltr'><strong>de</strong></span> <span class='ocrx_word' id='word_1_91' title='bbox 1073 2314 1170 2377; x_wconf 89' lang='lat' dir='ltr'><strong>unius</strong></span> <span class='ocrx_word' id='word_1_92' title='bbox 1192 2313 1312 2377; x_wconf 90' lang='lat' dir='ltr'><strong>arboris</strong></span> 
     </span>
     <span class='ocr_line' id='line_1_14' title="bbox 316 2416 1312 2501; baseline 0.001 -22"><span class='ocrx_word' id='word_1_93' title='bbox 316 2416 426 2481; x_wconf 85' lang='lat' dir='ltr'><strong>fructu</strong></span> <span class='ocrx_word' id='word_1_94' title='bbox 440 2440 506 2482; x_wconf 93' lang='lat' dir='ltr'><strong>non</strong></span> <span class='ocrx_word' id='word_1_95' title='bbox 521 2419 725 2497; x_wconf 89' lang='lat' dir='ltr'><strong>manducare,</strong></span> <span class='ocrx_word' id='word_1_96' title='bbox 740 2425 778 2480; x_wconf 94' lang='lat' dir='ltr'><strong>ut</strong></span> <span class='ocrx_word' id='word_1_97' title='bbox 797 2438 855 2501; x_wconf 91' lang='lat' dir='ltr'><strong>per</strong></span> <span class='ocrx_word' id='word_1_98' title='bbox 877 2416 1092 2481; x_wconf 88' lang='lat' dir='ltr'><strong>obedientiam</strong></span> <span class='ocrx_word' id='word_1_99' title='bbox 1111 2418 1207 2481; x_wconf 88' lang='lat' dir='ltr'><strong>unius</strong></span> <span class='ocrx_word' id='word_1_100' title='bbox 1221 2439 1312 2481; x_wconf 91' lang='lat' dir='ltr'><strong>man-</strong></span> 
     </span>
     <span class='ocr_line' id='line_1_15' title="bbox 316 2518 1314 2605; baseline -0.002 -19"><span class='ocrx_word' id='word_1_101' title='bbox 316 2521 386 2586; x_wconf 89' lang='lat' dir='ltr'><strong>dati</strong></span> <span class='ocrx_word' id='word_1_102' title='bbox 414 2528 569 2586; x_wconf 84' lang='lat' dir='ltr'><strong>aeternam</strong></span> <span class='ocrx_word' id='word_1_103' title='bbox 598 2528 817 2605; x_wconf 87' lang='lat' dir='ltr'><strong>promererent</strong></span> <span class='ocrx_word' id='word_1_104' title='bbox 854 2521 997 2603; x_wconf 87' lang='lat' dir='ltr'><strong>gloriam.</strong></span> <span class='ocrx_word' id='word_1_105' title='bbox 1059 2518 1122 2584; x_wconf 87' lang='lat' dir='ltr'><strong>Sed</strong></span> <span class='ocrx_word' id='word_1_106' title='bbox 1159 2520 1314 2585; x_wconf 85' lang='lat' dir='ltr'><strong>diabolica</strong></span> 
     </span>
     <span class='ocr_line' id='line_1_16' title="bbox 316 2624 1313 2708; baseline 0 -20"><span class='ocrx_word' id='word_1_107' title='bbox 316 2625 431 2689; x_wconf 85' lang='lat' dir='ltr'><strong>fraude</strong></span> <span class='ocrx_word' id='word_1_108' title='bbox 460 2632 493 2689; x_wconf 91' lang='lat' dir='ltr'><strong>et</strong></span> <span class='ocrx_word' id='word_1_109' title='bbox 522 2626 641 2689; x_wconf 89' lang='lat' dir='ltr'><strong>invidia</strong></span> <span class='ocrx_word' id='word_1_110' title='bbox 676 2625 799 2708; x_wconf 89' lang='lat' dir='ltr'><strong>decepti</strong></span> <span class='ocrx_word' id='word_1_111' title='bbox 828 2632 914 2702; x_wconf 92' lang='lat' dir='ltr'><strong>sunt,</strong></span> <span class='ocrx_word' id='word_1_112' title='bbox 946 2632 982 2687; x_wconf 94' lang='lat' dir='ltr'><strong>ut</strong></span> <span class='ocrx_word' id='word_1_113' title='bbox 1012 2624 1244 2689; x_wconf 86' lang='lat' dir='ltr'><strong>manducarent</strong></span> <span class='ocrx_word' id='word_1_114' title='bbox 1274 2625 1313 2688; x_wconf 89' lang='lat' dir='ltr'><strong>de</strong></span> 
     </span>
     <span class='ocr_line' id='line_1_17' title="bbox 316 2726 1313 2814; baseline -0.001 -22"><span class='ocrx_word' id='word_1_115' title='bbox 316 2728 426 2793; x_wconf 83' lang='lat' dir='ltr'><strong>fructu</strong></span> <span class='ocrx_word' id='word_1_116' title='bbox 440 2728 612 2793; x_wconf 88' lang='lat' dir='ltr'><strong>interdicto</strong></span> <span class='ocrx_word' id='word_1_117' title='bbox 625 2729 698 2792; x_wconf 88' lang='lat' dir='ltr'><strong>illis.</strong></span> <span class='ocrx_word' id='word_1_118' title='bbox 743 2726 808 2791; x_wconf 95' lang='lat' dir='ltr'><strong>Pro</strong></span> <span class='ocrx_word' id='word_1_119' title='bbox 823 2728 883 2792; x_wconf 89' lang='lat' dir='ltr'><strong>bac</strong></span> <span class='ocrx_word' id='word_1_120' title='bbox 903 2728 1002 2792; x_wconf 89' lang='lat' dir='ltr'><strong>etiam</strong></span> <span class='ocrx_word' id='word_1_121' title='bbox 1021 2729 1115 2811; x_wconf 91' lang='lat' dir='ltr'><strong>culpa</strong></span> <span class='ocrx_word' id='word_1_122' title='bbox 1129 2729 1222 2814; x_wconf 84' lang='lat' dir='ltr'><strong>ejecti</strong></span> <span class='ocrx_word' id='word_1_123' title='bbox 1237 2734 1313 2792; x_wconf 93' lang='lat' dir='ltr'><strong>sunt</strong></span> 
     </span>
     <span class='ocr_line' id='line_1_18' title="bbox 314 2831 1312 2916; baseline 0 -21"><span class='ocrx_word' id='word_1_124' title='bbox 314 2833 352 2896; x_wconf 93' lang='lat' dir='ltr'><strong>in</strong></span> <span class='ocrx_word' id='word_1_125' title='bbox 371 2835 456 2897; x_wconf 92' lang='lat' dir='ltr'><strong>hanc</strong></span> <span class='ocrx_word' id='word_1_126' title='bbox 476 2833 635 2896; x_wconf 85' lang='lat' dir='ltr'><strong>miseriam</strong></span> <span class='ocrx_word' id='word_1_127' title='bbox 654 2833 752 2916; x_wconf 85' lang='lat' dir='ltr'><strong>hujus</strong></span> <span class='ocrx_word' id='word_1_128' title='bbox 770 2838 875 2909; x_wconf 84' lang='lat' dir='ltr'><strong>terrae,</strong></span> <span class='ocrx_word' id='word_1_129' title='bbox 892 2838 925 2895; x_wconf 92' lang='lat' dir='ltr'><strong>et</strong></span> <span class='ocrx_word' id='word_1_130' title='bbox 944 2831 1021 2896; x_wconf 86' lang='lat' dir='ltr'><strong>facti</strong></span> <span class='ocrx_word' id='word_1_131' title='bbox 1039 2841 1116 2896; x_wconf 91' lang='lat' dir='ltr'><strong>sunt</strong></span> <span class='ocrx_word' id='word_1_132' title='bbox 1134 2832 1193 2897; x_wconf 90' lang='lat' dir='ltr'><strong>sub</strong></span> <span class='ocrx_word' id='word_1_133' title='bbox 1208 2840 1312 2916; x_wconf 89' lang='lat' dir='ltr'><strong>potes-</strong></span> 
     </span>
     <span class='ocr_line' id='line_1_19' title="bbox 315 2933 1314 3020; baseline -0.002 -18"><span class='ocrx_word' id='word_1_134' title='bbox 315 2944 385 3003; x_wconf 86' lang='lat' dir='ltr'><strong>tate</strong></span> <span class='ocrx_word' id='word_1_135' title='bbox 400 2937 565 3015; x_wconf 90' lang='lat' dir='ltr'><strong>diabolica,</strong></span> <span class='ocrx_word' id='word_1_136' title='bbox 580 2943 710 3020; x_wconf 91' lang='lat' dir='ltr'><strong>propter</strong></span> <span class='ocrx_word' id='word_1_137' title='bbox 725 2933 977 2999; x_wconf 90' lang='lat' dir='ltr'><strong>inobedientiam</strong></span> <span class='ocrx_word' id='word_1_138' title='bbox 996 2936 1091 3018; x_wconf 89' lang='lat' dir='ltr'><strong>primi</strong></span> <span class='ocrx_word' id='word_1_139' title='bbox 1111 2936 1265 3013; x_wconf 87' lang='lat' dir='ltr'><strong>mandati,</strong></span> <span class='ocrx_word' id='word_1_140' title='bbox 1281 2937 1314 3000; x_wconf 85' lang='lat' dir='ltr'><strong>et</strong></span> 
     </span>
     <span class='ocr_line' id='line_1_20' title="bbox 317 3037 1313 3124; baseline -0.005 -18"><span class='ocrx_word' id='word_1_141' title='bbox 317 3063 430 3106; x_wconf 90' lang='lat' dir='ltr'><strong>omnes</strong></span> <span class='ocrx_word' id='word_1_142' title='bbox 445 3062 519 3105; x_wconf 90' lang='lat' dir='ltr'><strong>curn</strong></span> <span class='ocrx_word' id='word_1_143' title='bbox 533 3040 671 3124; x_wconf 87' lang='lat' dir='ltr'><strong>peccatis</strong></span> <span class='ocrx_word' id='word_1_144' title='bbox 686 3039 755 3102; x_wconf 91' lang='lat' dir='ltr'><strong>nati</strong></span> <span class='ocrx_word' id='word_1_145' title='bbox 769 3038 804 3101; x_wconf 92' lang='lat' dir='ltr'><strong>in</strong></span> <span class='ocrx_word' id='word_1_146' title='bbox 820 3037 982 3103; x_wconf 87' lang='lat' dir='ltr'><strong>laboribus</strong></span> <span class='ocrx_word' id='word_1_147' title='bbox 993 3039 1143 3116; x_wconf 87' lang='lat' dir='ltr'><strong>viventes,</strong></span> <span class='ocrx_word' id='word_1_148' title='bbox 1155 3040 1190 3102; x_wconf 93' lang='lat' dir='ltr'><strong>in</strong></span> <span class='ocrx_word' id='word_1_149' title='bbox 1201 3040 1313 3102; x_wconf 87' lang='lat' dir='ltr'><strong>mortis</strong></span> 
     </span>
     <span class='ocr_line' id='line_1_21' title="bbox 316 3142 1313 3209; baseline -0.004 0"><span class='ocrx_word' id='word_1_150' title='bbox 316 3144 479 3209; x_wconf 86' lang='lat' dir='ltr'><strong>doloribus</strong></span> <span class='ocrx_word' id='word_1_151' title='bbox 496 3144 672 3207; x_wconf 86' lang='lat' dir='ltr'><strong>humanam</strong></span> <span class='ocrx_word' id='word_1_152' title='bbox 692 3142 879 3206; x_wconf 89' lang='lat' dir='ltr'><strong>amitterent</strong></span> <span class='ocrx_word' id='word_1_153' title='bbox 899 3143 1007 3205; x_wconf 88' lang='lat' dir='ltr'><strong>vitam.</strong></span> <span class='ocrx_word' id='word_1_154' title='bbox 1052 3142 1123 3205; x_wconf 90' lang='lat' dir='ltr'><strong>Neo</strong></span> <span class='ocrx_word' id='word_1_155' title='bbox 1145 3143 1230 3205; x_wconf 89' lang='lat' dir='ltr'><strong>ullus</strong></span> <span class='ocrx_word' id='word_1_156' title='bbox 1251 3142 1313 3205; x_wconf 87' lang='lat' dir='ltr'><strong>fuit</strong></span> 
     </span>
     <span class='ocr_line' id='line_1_22' title="bbox 316 3244 1313 3336; baseline -0.003 -23"><span class='ocrx_word' id='word_1_157' title='bbox 316 3250 375 3336; x_wconf 91' lang='lat' dir='ltr'><strong>qui</strong></span> <span class='ocrx_word' id='word_1_158' title='bbox 398 3248 439 3312; x_wconf 89' lang='lat' dir='ltr'><strong>ad</strong></span> <span class='ocrx_word' id='word_1_159' title='bbox 460 3247 598 3332; x_wconf 82' lang='lat' dir='ltr'><strong>paradisi</strong></span> <span class='ocrx_word' id='word_1_160' title='bbox 619 3246 808 3310; x_wconf 77' lang='lat' dir='ltr'><strong>felicitatem</strong></span> <span class='ocrx_word' id='word_1_161' title='bbox 831 3246 880 3309; x_wconf 89' lang='lat' dir='ltr'><strong>vel</strong></span> <span class='ocrx_word' id='word_1_162' title='bbox 901 3247 994 3329; x_wconf 88' lang='lat' dir='ltr'><strong>regni</strong></span> <span class='ocrx_word' id='word_1_163' title='bbox 1017 3245 1154 3309; x_wconf 88' lang='lat' dir='ltr'><strong>coelestis</strong></span> <span class='ocrx_word' id='word_1_164' title='bbox 1175 3244 1313 3310; x_wconf 91' lang='lat' dir='ltr'><strong>beatitu-</strong></span> 
     </span>
     <span class='ocr_line' id='line_1_23' title="bbox 313 3348 1313 3436; baseline -0.003 -18"><span class='ocrx_word' id='word_1_165' title='bbox 313 3352 427 3418; x_wconf 87' lang='lat' dir='ltr'><strong>dinem</strong></span> <span class='ocrx_word' id='word_1_166' title='bbox 441 3358 514 3436; x_wconf 88' lang='lat' dir='ltr'><strong>post</strong></span> <span class='ocrx_word' id='word_1_167' title='bbox 526 3350 622 3434; x_wconf 86' lang='lat' dir='ltr'><strong>hujus</strong></span> <span class='ocrx_word' id='word_1_168' title='bbox 636 3349 711 3413; x_wconf 82' lang='lat' dir='ltr'><strong>ritae</strong></span> <span class='ocrx_word' id='word_1_169' title='bbox 729 3349 828 3412; x_wconf 89' lang='lat' dir='ltr'><strong>finem</strong></span> <span class='ocrx_word' id='word_1_170' title='bbox 848 3349 1012 3432; x_wconf 89' lang='lat' dir='ltr'><strong>pervenire</strong></span> <span class='ocrx_word' id='word_1_171' title='bbox 1030 3349 1195 3432; x_wconf 84' lang='lat' dir='ltr'><strong>potuisset,</strong></span> <span class='ocrx_word' id='word_1_172' title='bbox 1212 3348 1313 3415; x_wconf 90' lang='lat' dir='ltr'><strong>donec</strong></span> 
     </span>
     <span class='ocr_line' id='line_1_24' title="bbox 316 3453 1313 3541; baseline -0.005 -18"><span class='ocrx_word' id='word_1_173' title='bbox 316 3457 520 3541; x_wconf 83' lang='lat' dir='ltr'><strong>omnipotens</strong></span> <span class='ocrx_word' id='word_1_174' title='bbox 544 3455 633 3518; x_wconf 86' lang='lat' dir='ltr'><strong>Deus</strong></span> <span class='ocrx_word' id='word_1_175' title='bbox 657 3453 773 3516; x_wconf 85' lang='lat' dir='ltr'><strong>Filium</strong></span> <span class='ocrx_word' id='word_1_176' title='bbox 796 3473 891 3516; x_wconf 92' lang='lat' dir='ltr'><strong>suum</strong></span> <span class='ocrx_word' id='word_1_177' title='bbox 910 3453 1124 3536; x_wconf 86' lang='lat' dir='ltr'><strong>unigenitum,</strong></span> <span class='ocrx_word' id='word_1_178' title='bbox 1139 3459 1254 3517; x_wconf 89' lang='lat' dir='ltr'><strong>natum</strong></span> <span class='ocrx_word' id='word_1_179' title='bbox 1274 3475 1313 3518; x_wconf 88' lang='lat' dir='ltr'><strong>ex</strong></span> 
     </span>
     <span class='ocr_line' id='line_1_25' title="bbox 316 3555 1313 3644; baseline -0.003 -18"><span class='ocrx_word' id='word_1_180' title='bbox 316 3561 464 3644; x_wconf 85' lang='lat' dir='ltr'><strong>Virgine,</strong></span> <span class='ocrx_word' id='word_1_181' title='bbox 484 3558 623 3623; x_wconf 85' lang='lat' dir='ltr'><strong>misisset</strong></span> <span class='ocrx_word' id='word_1_182' title='bbox 642 3557 678 3620; x_wconf 89' lang='lat' dir='ltr'><strong>in</strong></span> <span class='ocrx_word' id='word_1_183' title='bbox 700 3555 870 3635; x_wconf 91' lang='lat' dir='ltr'><strong>mundum,</strong></span> <span class='ocrx_word' id='word_1_184' title='bbox 895 3557 976 3620; x_wconf 88' lang='lat' dir='ltr'><strong>sicut</strong></span> <span class='ocrx_word' id='word_1_185' title='bbox 1001 3557 1142 3621; x_wconf 90' lang='lat' dir='ltr'><strong>multum</strong></span> <span class='ocrx_word' id='word_1_186' title='bbox 1164 3564 1240 3622; x_wconf 91' lang='lat' dir='ltr'><strong>ante</strong></span> <span class='ocrx_word' id='word_1_187' title='bbox 1257 3580 1313 3642; x_wconf 89' lang='lat' dir='ltr'><strong>per</strong></span> 
     </span>
     <span class='ocr_line' id='line_1_26' title="bbox 314 3659 1312 3750; baseline -0.002 -21"><span class='ocrx_word' id='word_1_188' title='bbox 314 3664 489 3750; x_wconf 89' lang='lat' dir='ltr'><strong>prophetas</strong></span> <span class='ocrx_word' id='word_1_189' title='bbox 503 3683 578 3726; x_wconf 89' lang='lat' dir='ltr'><strong>suos</strong></span> <span class='ocrx_word' id='word_1_190' title='bbox 593 3659 711 3725; x_wconf 87' lang='lat' dir='ltr'><strong>sanctis</strong></span> <span class='ocrx_word' id='word_1_191' title='bbox 725 3660 871 3743; x_wconf 86' lang='lat' dir='ltr'><strong>patribus</strong></span> <span class='ocrx_word' id='word_1_192' title='bbox 890 3660 1047 3743; x_wconf 87' lang='lat' dir='ltr'><strong>promisit.</strong></span> <span class='ocrx_word' id='word_1_193' title='bbox 1093 3660 1184 3725; x_wconf 87' lang='lat' dir='ltr'><strong>Sicut</strong></span> <span class='ocrx_word' id='word_1_194' title='bbox 1197 3661 1312 3727; x_wconf 90' lang='lat' dir='ltr'><strong>beatus</strong></span> 
     </span>
     <span class='ocr_line' id='line_1_27' title="bbox 314 3763 1311 3852; baseline -0.005 -18"><span class='ocrx_word' id='word_1_195' title='bbox 314 3768 431 3834; x_wconf 90' lang='lat' dir='ltr'><strong>mundi</strong></span> <span class='ocrx_word' id='word_1_196' title='bbox 449 3766 638 3852; x_wconf 79' lang='lat' dir='ltr'><strong>praedicator</strong></span> <span class='ocrx_word' id='word_1_197' title='bbox 654 3764 775 3828; x_wconf 87' lang='lat' dir='ltr'><strong>Paulus</strong></span> <span class='ocrx_word' id='word_1_198' title='bbox 795 3763 893 3827; x_wconf 85' lang='lat' dir='ltr'><strong>dixit:</strong></span> <span class='ocrx_word' id='word_1_199' title='bbox 927 3765 1002 3827; x_wconf 82' lang='lat' dir='ltr'><strong>Cum</strong></span> <span class='ocrx_word' id='word_1_200' title='bbox 1022 3785 1094 3847; x_wconf 75' lang='lat' dir='ltr'><strong>erpo</strong></span> <span class='ocrx_word' id='word_1_201' title='bbox 1111 3767 1194 3830; x_wconf 79' lang='lat' dir='ltr'><strong>venit</strong></span> <span class='ocrx_word' id='word_1_202' title='bbox 1209 3768 1311 3848; x_wconf 78' lang='lat' dir='ltr'><strong>pleni-</strong></span> 
     </span>
     <span class='ocr_line' id='line_1_28' title="bbox 316 3868 1311 3953; baseline -0.005 -15"><span class='ocrx_word' id='word_1_203' title='bbox 316 3875 391 3938; x_wconf 82' lang='lat' dir='ltr'><strong>tudo</strong></span> <span class='ocrx_word' id='word_1_204' title='bbox 406 3871 561 3953; x_wconf 61' lang='lat' dir='ltr'><strong>tempora,</strong></span> <span class='ocrx_word' id='word_1_205' title='bbox 575 3869 660 3931; x_wconf 76' lang='lat' dir='ltr'><strong>misit</strong></span> <span class='ocrx_word' id='word_1_206' title='bbox 673 3868 758 3931; x_wconf 81' lang='lat' dir='ltr'><strong>Deus</strong></span> <span class='ocrx_word' id='word_1_207' title='bbox 772 3868 886 3930; x_wconf 68' lang='lat' dir='ltr'><strong>dilium</strong></span> <span class='ocrx_word' id='word_1_208' title='bbox 900 3887 988 3930; x_wconf 82' lang='lat' dir='ltr'><strong>suum</strong></span> <span class='ocrx_word' id='word_1_209' title='bbox 1005 3869 1039 3931; x_wconf 81' lang='lat' dir='ltr'><strong>ia</strong></span> <span class='ocrx_word' id='word_1_210' title='bbox 1057 3870 1138 3931; x_wconf 78' lang='lat' dir='ltr'><strong>bane</strong></span> <span class='ocrx_word' id='word_1_211' title='bbox 1156 3869 1311 3949; x_wconf 76' lang='lat' dir='ltr'><strong>mendara,</strong></span> 
     </span>
     <span class='ocr_line' id='line_1_29' title="bbox 316 3971 1312 4054; baseline -0.006 -12"><span class='ocrx_word' id='word_1_212' title='bbox 316 3985 352 4042; x_wconf 76' lang='lat' dir='ltr'><strong>ut</strong></span> <span class='ocrx_word' id='word_1_213' title='bbox 367 3977 462 4041; x_wconf 69' lang='lat' dir='ltr'><strong>taam</strong></span> <span class='ocrx_word' id='word_1_214' title='bbox 475 3974 581 4037; x_wconf 80' lang='lat' dir='ltr'><strong>nmndi</strong></span> <span class='ocrx_word' id='word_1_215' title='bbox 596 3973 726 4035; x_wconf 81' lang='lat' dir='ltr'><strong>dilueret</strong></span> <span class='ocrx_word' id='word_1_216' title='bbox 734 3977 907 4052; x_wconf 79' lang='lat' dir='ltr'><strong>peccatam.</strong></span> <span class='ocrx_word' id='word_1_217' title='bbox 938 3971 1011 4034; x_wconf 90' lang='lat' dir='ltr'><strong>Hac</strong></span> <span class='ocrx_word' id='word_1_218' title='bbox 1021 3993 1096 4035; x_wconf 87' lang='lat' dir='ltr'><strong>vero</strong></span> <span class='ocrx_word' id='word_1_219' title='bbox 1111 3972 1312 4054; x_wconf 89' lang='lat' dir='ltr'><strong>plenitudine</strong></span> 
     </span>
     <span class='ocr_line' id='line_1_30' title="bbox 315 4074 1310 4164; baseline -0.005 -20"><span class='ocrx_word' id='word_1_220' title='bbox 315 4079 469 4164; x_wconf 89' lang='lat' dir='ltr'><strong>temporis</strong></span> <span class='ocrx_word' id='word_1_221' title='bbox 503 4076 680 4141; x_wconf 92' lang='lat' dir='ltr'><strong>secundum</strong></span> <span class='ocrx_word' id='word_1_222' title='bbox 711 4074 1025 4158; x_wconf 82' lang='lat' dir='ltr'><strong>praedestinationem</strong></span> <span class='ocrx_word' id='word_1_223' title='bbox 1058 4074 1120 4138; x_wconf 92' lang='lat' dir='ltr'><strong>Dei</strong></span> <span class='ocrx_word' id='word_1_224' title='bbox 1153 4075 1310 4155; x_wconf 88' lang='lat' dir='ltr'><strong>veniente,</strong></span> 
     </span>
     <span class='ocr_line' id='line_1_31' title="bbox 316 4177 1314 4261; baseline -0.006 -13"><span class='ocrx_word' id='word_1_225' title='bbox 316 4184 437 4248; x_wconf 76' lang='lat' dir='ltr'><strong>Missus</strong></span> <span class='ocrx_word' id='word_1_226' title='bbox 465 4186 521 4258; x_wconf 83' lang='lat' dir='ltr'><strong>est,</strong></span> <span class='ocrx_word' id='word_1_227' title='bbox 574 4187 588 4244; x_wconf 95' lang='lat' dir='ltr'><strong>t</strong></span> <span class='ocrx_word' id='word_1_228' title='bbox 617 4180 653 4242; x_wconf 91' lang='lat' dir='ltr'><strong>in</strong></span> <span class='ocrx_word' id='word_1_229' title='bbox 682 4184 793 4242; x_wconf 86' lang='lat' dir='ltr'><strong>saneto</strong></span> <span class='ocrx_word' id='word_1_230' title='bbox 822 4177 986 4260; x_wconf 86' lang='lat' dir='ltr'><strong>evangelio</strong></span> <span class='ocrx_word' id='word_1_231' title='bbox 1015 4177 1161 4260; x_wconf 89' lang='lat' dir='ltr'><strong>legimus,</strong></span> <span class='ocrx_word' id='word_1_232' title='bbox 1187 4181 1314 4261; x_wconf 75' lang='lat' dir='ltr'><strong>capetus</strong></span> 
     </span>
     <span class='ocr_line' id='line_1_32' title="bbox 319 4281 1310 4362; baseline -0.005 -12"><span class='ocrx_word' id='word_1_233' title='bbox 319 4287 449 4350; x_wconf 80' lang='lat' dir='ltr'><strong>Gabriel</strong></span> <span class='ocrx_word' id='word_1_234' title='bbox 462 4307 482 4347; x_wconf 86' lang='lat' dir='ltr'><strong>a</strong></span> <span class='ocrx_word' id='word_1_235' title='bbox 496 4286 563 4348; x_wconf 89' lang='lat' dir='ltr'><strong>Deo</strong></span> <span class='ocrx_word' id='word_1_236' title='bbox 577 4284 611 4346; x_wconf 82' lang='lat' dir='ltr'><strong>ia</strong></span> <span class='ocrx_word' id='word_1_237' title='bbox 625 4283 780 4346; x_wconf 77' lang='lat' dir='ltr'><strong>civitatem</strong></span> <span class='ocrx_word' id='word_1_238' title='bbox 798 4282 942 4359; x_wconf 69' lang='lat' dir='ltr'><strong>Galilaea,</strong></span> <span class='ocrx_word' id='word_1_239' title='bbox 953 4282 1002 4344; x_wconf 80' lang='lat' dir='ltr'><strong>cui</strong></span> <span class='ocrx_word' id='word_1_240' title='bbox 1017 4301 1124 4344; x_wconf 79' lang='lat' dir='ltr'><strong>nomen</strong></span> <span class='ocrx_word' id='word_1_241' title='bbox 1138 4281 1310 4362; x_wconf 78' lang='lat' dir='ltr'><strong>Nazareth,</strong></span> 
     </span>
     <span class='ocr_line' id='line_1_33' title="bbox 316 4385 1313 4472; baseline -0.008 -16"><span class='ocrx_word' id='word_1_242' title='bbox 316 4392 361 4455; x_wconf 85' lang='lat' dir='ltr'><strong>cd</strong></span> <span class='ocrx_word' id='word_1_243' title='bbox 378 4391 535 4472; x_wconf 67' lang='lat' dir='ltr'><strong>Vorgium</strong></span> <span class='ocrx_word' id='word_1_244' title='bbox 550 4388 762 4468; x_wconf 75' lang='lat' dir='ltr'><strong>desponsatam</strong></span> <span class='ocrx_word' id='word_1_245' title='bbox 775 4385 853 4461; x_wconf 81' lang='lat' dir='ltr'><strong>viro,</strong></span> <span class='ocrx_word' id='word_1_246' title='bbox 869 4385 919 4464; x_wconf 74' lang='lat' dir='ltr'><strong>caci</strong></span> <span class='ocrx_word' id='word_1_247' title='bbox 933 4405 1040 4447; x_wconf 81' lang='lat' dir='ltr'><strong>acmen</strong></span> <span class='ocrx_word' id='word_1_248' title='bbox 1055 4389 1122 4446; x_wconf 83' lang='lat' dir='ltr'><strong>erat</strong></span> <span class='ocrx_word' id='word_1_249' title='bbox 1136 4385 1259 4465; x_wconf 80' lang='lat' dir='ltr'><strong>Josepb,</strong></span> <span class='ocrx_word' id='word_1_250' title='bbox 1275 4387 1313 4448; x_wconf 82' lang='lat' dir='ltr'><strong>de</strong></span> 
     </span>
     <span class='ocr_line' id='line_1_34' title="bbox 317 4488 1313 4570; baseline -0.007 -11"><span class='ocrx_word' id='word_1_251' title='bbox 317 4498 404 4560; x_wconf 86' lang='lat' dir='ltr'><strong>domo</strong></span> <span class='ocrx_word' id='word_1_252' title='bbox 434 4492 549 4569; x_wconf 76' lang='lat' dir='ltr'><strong>David,</strong></span> <span class='ocrx_word' id='word_1_253' title='bbox 579 4496 610 4553; x_wconf 86' lang='lat' dir='ltr'><strong>et</strong></span> <span class='ocrx_word' id='word_1_254' title='bbox 640 4509 747 4553; x_wconf 80' lang='lat' dir='ltr'><strong>nomen</strong></span> <span class='ocrx_word' id='word_1_255' title='bbox 782 4489 920 4570; x_wconf 69' lang='lat' dir='ltr'><strong>eriaa</strong></span> <span class='ocrx_word' id='word_1_256' title='bbox 948 4488 1068 4564; x_wconf 81' lang='lat' dir='ltr'><strong>Maria,</strong></span> <span class='ocrx_word' id='word_1_257' title='bbox 1099 4492 1130 4549; x_wconf 86' lang='lat' dir='ltr'><strong>et</strong></span> <span class='ocrx_word' id='word_1_258' title='bbox 1158 4488 1313 4570; x_wconf 69' lang='lat' dir='ltr'><strong>inpressam</strong></span> 
     </span>
     <span class='ocr_line' id='line_1_35' title="bbox 316 4591 1310 4681; baseline -0.009 -18"><span class='ocrx_word' id='word_1_259' title='bbox 316 4601 444 4681; x_wconf 65' lang='lat' dir='ltr'><strong>angelus</strong></span> <span class='ocrx_word' id='word_1_260' title='bbox 459 4596 502 4659; x_wconf 82' lang='lat' dir='ltr'><strong>cd</strong></span> <span class='ocrx_word' id='word_1_261' title='bbox 515 4615 582 4658; x_wconf 87' lang='lat' dir='ltr'><strong>eam</strong></span> <span class='ocrx_word' id='word_1_262' title='bbox 596 4594 697 4655; x_wconf 62' lang='lat' dir='ltr'><strong>derit:</strong></span> <span class='ocrx_word' id='word_1_263' title='bbox 714 4592 779 4655; x_wconf 83' lang='lat' dir='ltr'><strong>Ave</strong></span> <span class='ocrx_word' id='word_1_264' title='bbox 790 4592 899 4672; x_wconf 71' lang='lat' dir='ltr'><strong>qratia</strong></span> <span class='ocrx_word' id='word_1_265' title='bbox 908 4592 1013 4672; x_wconf 78' lang='lat' dir='ltr'><strong>plena,</strong></span> <span class='ocrx_word' id='word_1_266' title='bbox 1025 4591 1180 4652; x_wconf 81' lang='lat' dir='ltr'><strong>Dominus</strong></span> <span class='ocrx_word' id='word_1_267' title='bbox 1193 4596 1310 4656; x_wconf 82' lang='lat' dir='ltr'><strong>tecum.-</strong></span> 
     </span>
    </p>

    <p class='ocr_par' dir='ltr' id='par_1_5' title="bbox 790 4697 846 4757">
     <span class='ocr_line' id='line_1_36' title="bbox 790 4697 846 4757; baseline 0.018 -1"><span class='ocrx_word' id='word_1_268' title='bbox 790 4697 846 4757; x_wconf 63' lang='lat'><strong>1³2</strong></span> 
     </span>
    </p>
   </div>
   <div class='ocr_carea' id='block_1_5' title="bbox 0 0 1637 5467">
    <p class='ocr_par' dir='ltr' id='par_1_6' title="bbox 0 0 1637 5467">
     <span class='ocr_line' id='line_1_37' title="bbox 0 0 1637 5467; baseline 0 0"><span class='ocrx_word' id='word_1_269' title='bbox 0 0 1637 5467; x_wconf 95' lang='lat' dir='ltr'><strong> </strong></span> 
     </span>
    </p>
   </div>
  </div>
 </body>
</html>
