<?xml version="1.0" encoding="UTF-8"?>
<!DOCTYPE html PUBLIC "-//W3C//DTD XHTML 1.0 Transitional//EN"
    "http://www.w3.org/TR/xhtml1/DTD/xhtml1-transitional.dtd">
<html xmlns="http://www.w3.org/1999/xhtml" xml:lang="en" lang="en">
 <head>
  <title>
</title>
<meta http-equiv="Content-Type" content="text/html;charset=utf-8" />
  <meta name='ocr-system' content='tesseract 3.04.00' />
  <meta name='ocr-capabilities' content='ocr_page ocr_carea ocr_par ocr_line ocrx_word'/>
</head>
<body>
  <div class='ocr_page' id='page_1' title='image "./operaquaeextant00bonigoog_0170.png"; bbox 0 0 3259 5467; ppageno 0'>
   <div class='ocr_carea' id='block_1_1' title="bbox 617 679 1315 742">
    <p class='ocr_par' dir='ltr' id='par_1_1' title="bbox 617 679 1315 742">
     <span class='ocr_line' id='line_1_1' title="bbox 617 679 1315 742; baseline 0.006 -4"><span class='ocrx_word' id='word_1_1' title='bbox 617 696 769 739; x_wconf 72' lang='lat' dir='ltr'><strong>lucrosa</strong></span> <span class='ocrx_word' id='word_1_2' title='bbox 787 695 1011 740; x_wconf 75' lang='lat' dir='ltr'><strong>wmnrasnno.</strong></span> <span class='ocrx_word' id='word_1_3' title='bbox 1253 679 1315 742; x_wconf 83' lang='lat'><strong>163</strong></span> 
     </span>
    </p>
   </div>
   <div class='ocr_carea' id='block_1_2' title="bbox 311 838 1318 1441">
    <p class='ocr_par' dir='ltr' id='par_1_2' title="bbox 311 838 1318 1441">
     <span class='ocr_line' id='line_1_2' title="bbox 311 838 1316 924; baseline 0.001 -20"><span class='ocrx_word' id='word_1_4' title='bbox 311 842 503 905; x_wconf 88' lang='lat' dir='ltr'><strong>nuntiatum</strong></span> <span class='ocrx_word' id='word_1_5' title='bbox 522 848 581 919; x_wconf 88' lang='lat' dir='ltr'><strong>est,</strong></span> <span class='ocrx_word' id='word_1_6' title='bbox 603 839 689 924; x_wconf 89' lang='lat' dir='ltr'><strong>quod</strong></span> <span class='ocrx_word' id='word_1_7' title='bbox 710 840 763 902; x_wconf 93' lang='lat' dir='ltr'><strong>hic</strong></span> <span class='ocrx_word' id='word_1_8' title='bbox 783 839 845 902; x_wconf 91' lang='lat' dir='ltr'><strong>Dei</strong></span> <span class='ocrx_word' id='word_1_9' title='bbox 867 840 1008 903; x_wconf 90' lang='lat' dir='ltr'><strong>famulus</strong></span> <span class='ocrx_word' id='word_1_10' title='bbox 1029 838 1204 904; x_wconf 88' lang='lat' dir='ltr'><strong>adveniret.</strong></span> <span class='ocrx_word' id='word_1_11' title='bbox 1250 841 1316 907; x_wconf 81' lang='lat' dir='ltr'><strong>Qui</strong></span> 
     </span>
     <span class='ocr_line' id='line_1_3' title="bbox 311 943 1316 1027; baseline 0.001 -18"><span class='ocrx_word' id='word_1_12' title='bbox 311 947 411 1009; x_wconf 90' lang='lat' dir='ltr'><strong>etiam</strong></span> <span class='ocrx_word' id='word_1_13' title='bbox 434 944 518 1008; x_wconf 90' lang='lat' dir='ltr'><strong>bene</strong></span> <span class='ocrx_word' id='word_1_14' title='bbox 545 951 711 1027; x_wconf 90' lang='lat' dir='ltr'><strong>susceptus</strong></span> <span class='ocrx_word' id='word_1_15' title='bbox 737 944 772 1006; x_wconf 91' lang='lat' dir='ltr'><strong>iu</strong></span> <span class='ocrx_word' id='word_1_16' title='bbox 798 943 1048 1008; x_wconf 84' lang='lat' dir='ltr'><strong>Xenodochium</strong></span> <span class='ocrx_word' id='word_1_17' title='bbox 1074 943 1231 1008; x_wconf 87' lang='lat' dir='ltr'><strong>adductus</strong></span> <span class='ocrx_word' id='word_1_18' title='bbox 1257 952 1316 1010; x_wconf 90' lang='lat' dir='ltr'><strong>est.</strong></span> 
     </span>
     <span class='ocr_line' id='line_1_4' title="bbox 313 1046 1316 1130; baseline 0.002 -20"><span class='ocrx_word' id='word_1_19' title='bbox 313 1048 519 1112; x_wconf 88' lang='lat' dir='ltr'><strong>Adveniente</strong></span> <span class='ocrx_word' id='word_1_20' title='bbox 540 1048 650 1130; x_wconf 91' lang='lat' dir='ltr'><strong>itaque</strong></span> <span class='ocrx_word' id='word_1_21' title='bbox 674 1054 855 1129; x_wconf 89' lang='lat' dir='ltr'><strong>opportuno</strong></span> <span class='ocrx_word' id='word_1_22' title='bbox 875 1046 1097 1110; x_wconf 87' lang='lat' dir='ltr'><strong>collocutionis</strong></span> <span class='ocrx_word' id='word_1_23' title='bbox 1121 1068 1232 1111; x_wconf 90' lang='lat' dir='ltr'><strong>eorum</strong></span> <span class='ocrx_word' id='word_1_24' title='bbox 1254 1049 1316 1128; x_wconf 89' lang='lat' dir='ltr'><strong>die,</strong></span> 
     </span>
     <span class='ocr_line' id='line_1_5' title="bbox 313 1149 1318 1234; baseline 0.002 -20"><span class='ocrx_word' id='word_1_25' title='bbox 313 1160 347 1214; x_wconf 92' lang='lat' dir='ltr'><strong>et</strong></span> <span class='ocrx_word' id='word_1_26' title='bbox 362 1152 405 1214; x_wconf 91' lang='lat' dir='ltr'><strong>ad</strong></span> <span class='ocrx_word' id='word_1_27' title='bbox 418 1151 586 1215; x_wconf 83' lang='lat' dir='ltr'>basilicam</span> <span class='ocrx_word' id='word_1_28' title='bbox 600 1150 687 1214; x_wconf 90' lang='lat' dir='ltr'><strong>beati</strong></span> <span class='ocrx_word' id='word_1_29' title='bbox 702 1149 790 1213; x_wconf 90' lang='lat' dir='ltr'><strong>Petri</strong></span> <span class='ocrx_word' id='word_1_30' title='bbox 804 1150 953 1232; x_wconf 84' lang='lat' dir='ltr'><strong>Apostoli</strong></span> <span class='ocrx_word' id='word_1_31' title='bbox 973 1150 1167 1215; x_wconf 88' lang='lat' dir='ltr'><strong>adventante</strong></span> <span class='ocrx_word' id='word_1_32' title='bbox 1182 1152 1318 1234; x_wconf 83' lang='lat' dir='ltr'><strong>glorioso</strong></span> 
     </span>
     <span class='ocr_line' id='line_1_6' title="bbox 311 1253 1318 1338; baseline 0.002 -20"><span class='ocrx_word' id='word_1_33' title='bbox 311 1255 401 1318; x_wconf 83' lang='lat' dir='ltr'><strong>sedis</strong></span> <span class='ocrx_word' id='word_1_34' title='bbox 419 1253 613 1338; x_wconf 88' lang='lat' dir='ltr'><strong>Apostolicae</strong></span> <span class='ocrx_word' id='word_1_35' title='bbox 634 1253 808 1317; x_wconf 90' lang='lat' dir='ltr'><strong>Pontifice:</strong></span> <span class='ocrx_word' id='word_1_36' title='bbox 836 1253 1005 1317; x_wconf 78' lang='lat' dir='ltr'><strong>confestim</strong></span> <span class='ocrx_word' id='word_1_37' title='bbox 1024 1253 1077 1316; x_wconf 88' lang='lat' dir='ltr'><strong>hic</strong></span> <span class='ocrx_word' id='word_1_38' title='bbox 1097 1254 1160 1319; x_wconf 91' lang='lat' dir='ltr'><strong>Dei</strong></span> <span class='ocrx_word' id='word_1_39' title='bbox 1178 1255 1318 1320; x_wconf 90' lang='lat' dir='ltr'><strong>famulus</strong></span> 
     </span>
     <span class='ocr_line' id='line_1_7' title="bbox 311 1347 1318 1441; baseline 0.002 -21"><span class='ocrx_word' id='word_1_40' title='bbox 311 1359 471 1421; x_wconf 88' lang='lat' dir='ltr'><strong>invitatus</strong></span> <span class='ocrx_word' id='word_1_41' title='bbox 491 1364 550 1421; x_wconf 92' lang='lat' dir='ltr'><strong>est.</strong></span> <span class='ocrx_word' id='word_1_42' title='bbox 595 1357 639 1420; x_wconf 87' lang='lat' dir='ltr'><strong>Et</strong></span> <span class='ocrx_word' id='word_1_43' title='bbox 654 1378 729 1420; x_wconf 91' lang='lat' dir='ltr'><strong>cum</strong></span> <span class='ocrx_word' id='word_1_44' title='bbox 746 1357 856 1440; x_wconf 88' lang='lat' dir='ltr'><strong>paucis</strong></span> <span class='ocrx_word' id='word_1_45' title='bbox 871 1357 1049 1425; x_wconf 82' lang='lat' dir='ltr'>adinvicem</span> <span class='ocrx_word' id='word_1_46' title='bbox 1069 1379 1106 1421; x_wconf 91' lang='lat' dir='ltr'><strong>ac</strong></span> <span class='ocrx_word' id='word_1_47' title='bbox 1125 1347 1264 1441; x_wconf 80' lang='lat' dir='ltr'><strong>pacificis</strong></span> <span class='ocrx_word' id='word_1_48' title='bbox 1284 1380 1318 1422; x_wconf 91' lang='lat' dir='ltr'><strong>se</strong></span> 
     </span>
    </p>
   </div>
   <div class='ocr_carea' id='block_1_3' title="bbox 313 1459 1399 4655">
    <p class='ocr_par' dir='ltr' id='par_1_3' title="bbox 313 1459 1399 4132">
     <span class='ocr_line' id='line_1_8' title="bbox 314 1459 1318 1543; baseline 0.001 -18"><span class='ocrx_word' id='word_1_49' title='bbox 314 1462 510 1525; x_wconf 74' lang='lat' dir='ltr'><strong>salutassent</strong></span> <span class='ocrx_word' id='word_1_50' title='bbox 521 1460 645 1524; x_wconf 89' lang='lat' dir='ltr'><strong>verbis:</strong></span> <span class='ocrx_word' id='word_1_51' title='bbox 665 1461 734 1543; x_wconf 86' lang='lat' dir='ltr'><strong>jam</strong></span> <span class='ocrx_word' id='word_1_52' title='bbox 749 1460 789 1523; x_wconf 92' lang='lat' dir='ltr'><strong>de</strong></span> <span class='ocrx_word' id='word_1_53' title='bbox 804 1459 949 1543; x_wconf 89' lang='lat' dir='ltr'><strong>symbolo</strong></span> <span class='ocrx_word' id='word_1_54' title='bbox 965 1467 998 1524; x_wconf 86' lang='lat' dir='ltr'><strong>et</strong></span> <span class='ocrx_word' id='word_1_55' title='bbox 1012 1460 1089 1525; x_wconf 89' lang='lat' dir='ltr'><strong>fidei</strong></span> <span class='ocrx_word' id='word_1_56' title='bbox 1099 1462 1318 1526; x_wconf 89' lang='lat' dir='ltr'><strong>ecclesiasticae</strong></span> 
     </span>
     <span class='ocr_line' id='line_1_9' title="bbox 313 1563 1319 1648; baseline 0.001 -20"><span class='ocrx_word' id='word_1_57' title='bbox 313 1565 502 1642; x_wconf 82' lang='lat' dir='ltr'>traditione,</span> <span class='ocrx_word' id='word_1_58' title='bbox 526 1563 718 1646; x_wconf 87' lang='lat' dir='ltr'><strong>apostolicus</strong></span> <span class='ocrx_word' id='word_1_59' title='bbox 743 1563 837 1626; x_wconf 90' lang='lat' dir='ltr'><strong>illum</strong></span> <span class='ocrx_word' id='word_1_60' title='bbox 863 1564 1013 1627; x_wconf 85' lang='lat' dir='ltr'><strong>Pontifex</strong></span> <span class='ocrx_word' id='word_1_61' title='bbox 1038 1564 1212 1648; x_wconf 78' lang='lat' dir='ltr'><strong>inquisivit.</strong></span> <span class='ocrx_word' id='word_1_62' title='bbox 1257 1566 1319 1629; x_wconf 80' lang='lat' dir='ltr'><strong>Oui</strong></span> 
     </span>
     <span class='ocr_line' id='line_1_10' title="bbox 314 1664 1399 1750; baseline 0.003 -19"><span class='ocrx_word' id='word_1_63' title='bbox 314 1690 391 1732; x_wconf 83' lang='lat' dir='ltr'><strong>mox</strong></span> <span class='ocrx_word' id='word_1_64' title='bbox 415 1669 467 1731; x_wconf 92' lang='lat' dir='ltr'><strong>hic</strong></span> <span class='ocrx_word' id='word_1_65' title='bbox 487 1664 539 1730; x_wconf 90' lang='lat' dir='ltr'><strong>vir</strong></span> <span class='ocrx_word' id='word_1_66' title='bbox 555 1668 618 1731; x_wconf 92' lang='lat' dir='ltr'><strong>Dei</strong></span> <span class='ocrx_word' id='word_1_67' title='bbox 638 1667 805 1730; x_wconf 87' lang='lat' dir='ltr'><strong>humiliter</strong></span> <span class='ocrx_word' id='word_1_68' title='bbox 823 1666 998 1750; x_wconf 86' lang='lat' dir='ltr'><strong>respondit,</strong></span> <span class='ocrx_word' id='word_1_69' title='bbox 1020 1667 1148 1732; x_wconf 90' lang='lat' dir='ltr'><strong>dicens:</strong></span> <span class='ocrx_word' id='word_1_70' title='bbox 1179 1667 1318 1734; x_wconf 91' lang='lat' dir='ltr'><strong>Domine</strong></span> <span class='ocrx_word' id='word_1_71' title='bbox 1396 1684 1399 1692; x_wconf 84' lang='grc'><strong>“</strong></span> 
     </span>
     <span class='ocr_line' id='line_1_11' title="bbox 315 1771 1319 1855; baseline 0.003 -20"><span class='ocrx_word' id='word_1_72' title='bbox 315 1771 512 1855; x_wconf 87' lang='lat' dir='ltr'><strong>Apostolice,</strong></span> <span class='ocrx_word' id='word_1_73' title='bbox 528 1771 602 1835; x_wconf 90' lang='lat' dir='ltr'><strong>novi</strong></span> <span class='ocrx_word' id='word_1_74' title='bbox 624 1792 676 1834; x_wconf 90' lang='lat' dir='ltr'><strong>me</strong></span> <span class='ocrx_word' id='word_1_75' title='bbox 697 1771 885 1854; x_wconf 89' lang='lat' dir='ltr'><strong>imperitum</strong></span> <span class='ocrx_word' id='word_1_76' title='bbox 904 1772 973 1855; x_wconf 89' lang='lat' dir='ltr'><strong>jam</strong></span> <span class='ocrx_word' id='word_1_77' title='bbox 995 1772 1183 1855; x_wconf 85' lang='lat' dir='ltr'><strong>peregrinus</strong></span> <span class='ocrx_word' id='word_1_78' title='bbox 1206 1781 1319 1838; x_wconf 88' lang='lat' dir='ltr'><strong>vestrae</strong></span> 
     </span>
     <span class='ocr_line' id='line_1_12' title="bbox 314 1874 1319 1956; baseline 0.002 -17"><span class='ocrx_word' id='word_1_79' title='bbox 314 1875 542 1939; x_wconf 81' lang='lat' dir='ltr'><strong>familiaritatis</strong></span> <span class='ocrx_word' id='word_1_80' title='bbox 567 1894 723 1941; x_wconf 84' lang='lat' dir='ltr'><strong>sermone.</strong></span> <span class='ocrx_word' id='word_1_81' title='bbox 770 1874 835 1937; x_wconf 89' lang='lat' dir='ltr'><strong>Sed</strong></span> <span class='ocrx_word' id='word_1_82' title='bbox 858 1894 975 1956; x_wconf 86' lang='lat' dir='ltr'><strong>quaeso,</strong></span> <span class='ocrx_word' id='word_1_83' title='bbox 994 1881 1032 1938; x_wconf 87' lang='lat' dir='ltr'><strong>ut</strong></span> <span class='ocrx_word' id='word_1_84' title='bbox 1056 1875 1159 1938; x_wconf 91' lang='lat' dir='ltr'><strong>otium</strong></span> <span class='ocrx_word' id='word_1_85' title='bbox 1182 1876 1262 1939; x_wconf 92' lang='lat' dir='ltr'><strong>mihi</strong></span> <span class='ocrx_word' id='word_1_86' title='bbox 1285 1885 1319 1942; x_wconf 93' lang='lat' dir='ltr'><strong>et</strong></span> 
     </span>
     <span class='ocr_line' id='line_1_13' title="bbox 315 1977 1319 2062; baseline 0.002 -20"><span class='ocrx_word' id='word_1_87' title='bbox 315 1986 446 2062; x_wconf 89' lang='lat' dir='ltr'><strong>tempus</strong></span> <span class='ocrx_word' id='word_1_88' title='bbox 469 1977 692 2042; x_wconf 87' lang='lat' dir='ltr'><strong>conscribendi</strong></span> <span class='ocrx_word' id='word_1_89' title='bbox 714 1978 790 2041; x_wconf 84' lang='lat' dir='ltr'><strong>fidei</strong></span> <span class='ocrx_word' id='word_1_90' title='bbox 812 1979 987 2041; x_wconf 88' lang='lat' dir='ltr'><strong>concedas:</strong></span> <span class='ocrx_word' id='word_1_91' title='bbox 1018 1985 1051 2042; x_wconf 91' lang='lat' dir='ltr'><strong>et</strong></span> <span class='ocrx_word' id='word_1_92' title='bbox 1073 1987 1166 2042; x_wconf 91' lang='lat' dir='ltr'><strong>muta</strong></span> <span class='ocrx_word' id='word_1_93' title='bbox 1189 1986 1319 2051; x_wconf 89' lang='lat' dir='ltr'><strong>tantum</strong></span> 
     </span>
     <span class='ocr_line' id='line_1_14' title="bbox 314 2081 1319 2165; baseline 0.002 -19"><span class='ocrx_word' id='word_1_94' title='bbox 314 2083 411 2146; x_wconf 89' lang='lat' dir='ltr'><strong>litera</strong></span> <span class='ocrx_word' id='word_1_95' title='bbox 424 2104 530 2146; x_wconf 90' lang='lat' dir='ltr'><strong>meam</strong></span> <span class='ocrx_word' id='word_1_96' title='bbox 549 2081 784 2146; x_wconf 84' lang='lat' dir='ltr'><strong>rationabiliter</strong></span> <span class='ocrx_word' id='word_1_97' title='bbox 804 2083 902 2145; x_wconf 89' lang='lat' dir='ltr'><strong>fidem</strong></span> <span class='ocrx_word' id='word_1_98' title='bbox 923 2082 1095 2165; x_wconf 91' lang='lat' dir='ltr'><strong>adaperiat.</strong></span> <span class='ocrx_word' id='word_1_99' title='bbox 1141 2083 1207 2149; x_wconf 80' lang='lat' dir='ltr'><strong>Qui</strong></span> <span class='ocrx_word' id='word_1_100' title='bbox 1221 2085 1319 2149; x_wconf 86' lang='lat' dir='ltr'><strong>etiam</strong></span> 
     </span>
     <span class='ocr_line' id='line_1_15' title="bbox 316 2184 1318 2270; baseline 0.002 -21"><span class='ocrx_word' id='word_1_101' title='bbox 316 2186 464 2268; x_wconf 90' lang='lat' dir='ltr'><strong>protinus</strong></span> <span class='ocrx_word' id='word_1_102' title='bbox 479 2186 653 2250; x_wconf 82' lang='lat' dir='ltr'><strong>concessit:</strong></span> <span class='ocrx_word' id='word_1_103' title='bbox 677 2192 710 2249; x_wconf 92' lang='lat' dir='ltr'><strong>et</strong></span> <span class='ocrx_word' id='word_1_104' title='bbox 724 2193 763 2249; x_wconf 91' lang='lat' dir='ltr'><strong>ut</strong></span> <span class='ocrx_word' id='word_1_105' title='bbox 777 2186 894 2249; x_wconf 89' lang='lat' dir='ltr'><strong>festine</strong></span> <span class='ocrx_word' id='word_1_106' title='bbox 913 2184 998 2250; x_wconf 92' lang='lat' dir='ltr'><strong>hano</strong></span> <span class='ocrx_word' id='word_1_107' title='bbox 1012 2186 1201 2270; x_wconf 91' lang='lat' dir='ltr'><strong>scripturam</strong></span> <span class='ocrx_word' id='word_1_108' title='bbox 1217 2187 1318 2251; x_wconf 90' lang='lat' dir='ltr'><strong>defer-</strong></span> 
     </span>
     <span class='ocr_line' id='line_1_16' title="bbox 317 2289 1319 2374; baseline 0.005 -23"><span class='ocrx_word' id='word_1_109' title='bbox 317 2298 377 2367; x_wconf 86' lang='lat' dir='ltr'><strong>ret,</strong></span> <span class='ocrx_word' id='word_1_110' title='bbox 407 2289 598 2372; x_wconf 72' lang='lat' dir='ltr'><strong>imperavit</strong></span> <span class='ocrx_word' id='word_1_111' title='bbox 639 2289 787 2373; x_wconf 84' lang='lat' dir='ltr'><strong>Cumque</strong></span> <span class='ocrx_word' id='word_1_112' title='bbox 817 2289 983 2372; x_wconf 91' lang='lat' dir='ltr'><strong>aliquanto</strong></span> <span class='ocrx_word' id='word_1_113' title='bbox 1011 2290 1163 2374; x_wconf 89' lang='lat' dir='ltr'><strong>temporis</strong></span> <span class='ocrx_word' id='word_1_114' title='bbox 1192 2292 1319 2357; x_wconf 89' lang='lat' dir='ltr'><strong>evoluto</strong></span> 
     </span>
     <span class='ocr_line' id='line_1_17' title="bbox 318 2392 1318 2477; baseline 0.005 -23"><span class='ocrx_word' id='word_1_115' title='bbox 318 2392 432 2475; x_wconf 89' lang='lat' dir='ltr'><strong>spatio,</strong></span> <span class='ocrx_word' id='word_1_116' title='bbox 452 2399 570 2456; x_wconf 85' lang='lat' dir='ltr'><strong>sanctae</strong></span> <span class='ocrx_word' id='word_1_117' title='bbox 592 2392 759 2456; x_wconf 78' lang='lat' dir='ltr'><strong>Trinitatis</strong></span> <span class='ocrx_word' id='word_1_118' title='bbox 782 2393 879 2457; x_wconf 91' lang='lat' dir='ltr'><strong>fidem</strong></span> <span class='ocrx_word' id='word_1_119' title='bbox 901 2392 1027 2456; x_wconf 90' lang='lat' dir='ltr'><strong>urbana</strong></span> <span class='ocrx_word' id='word_1_120' title='bbox 1048 2393 1238 2477; x_wconf 86' lang='lat' dir='ltr'><strong>eloquentiae</strong></span> <span class='ocrx_word' id='word_1_121' title='bbox 1259 2396 1318 2459; x_wconf 91' lang='lat' dir='ltr'><strong>sci·</strong></span> 
     </span>
     <span class='ocr_line' id='line_1_18' title="bbox 317 2495 1352 2580; baseline 0.006 -22"><span class='ocrx_word' id='word_1_122' title='bbox 317 2495 408 2558; x_wconf 89' lang='lat' dir='ltr'><strong>entia</strong></span> <span class='ocrx_word' id='word_1_123' title='bbox 422 2497 634 2578; x_wconf 82' lang='lat' dir='ltr'><strong>conscriptam</strong></span> <span class='ocrx_word' id='word_1_124' title='bbox 649 2496 834 2560; x_wconf 87' lang='lat' dir='ltr'><strong>detulisset:</strong></span> <span class='ocrx_word' id='word_1_125' title='bbox 857 2495 997 2561; x_wconf 86' lang='lat' dir='ltr'><strong>reddidit</strong></span> <span class='ocrx_word' id='word_1_126' title='bbox 1011 2497 1144 2580; x_wconf 90' lang='lat' dir='ltr'><strong>praefato</strong></span> <span class='ocrx_word' id='word_1_127' title='bbox 1160 2499 1318 2564; x_wconf 91' lang='lat' dir='ltr'><strong>Pontifici.</strong></span> <span class='ocrx_word' id='word_1_128' title='bbox 1350 2509 1352 2513; x_wconf 86' lang='lat'>&#39;</span> 
     </span>
     <span class='ocr_line' id='line_1_19' title="bbox 318 2600 1319 2686; baseline 0.004 -23"><span class='ocrx_word' id='word_1_129' title='bbox 318 2600 522 2683; x_wconf 85' lang='lat' dir='ltr'><strong>Exspectavit</strong></span> <span class='ocrx_word' id='word_1_130' title='bbox 542 2601 658 2684; x_wconf 91' lang='lat' dir='ltr'><strong>quippe</strong></span> <span class='ocrx_word' id='word_1_131' title='bbox 678 2601 888 2664; x_wconf 90' lang='lat' dir='ltr'><strong>nihilominus</strong></span> <span class='ocrx_word' id='word_1_132' title='bbox 909 2602 975 2680; x_wconf 89' lang='lat' dir='ltr'><strong>dies</strong></span> <span class='ocrx_word' id='word_1_133' title='bbox 996 2602 1128 2686; x_wconf 90' lang='lat' dir='ltr'><strong>aliquos,</strong></span> <span class='ocrx_word' id='word_1_134' title='bbox 1145 2603 1190 2667; x_wconf 88' lang='lat' dir='ltr'><strong>sio</strong></span> <span class='ocrx_word' id='word_1_135' title='bbox 1205 2604 1319 2667; x_wconf 88' lang='lat' dir='ltr'><strong>saltem</strong></span> 
     </span>
     <span class='ocr_line' id='line_1_20' title="bbox 317 2703 1320 2791; baseline 0.007 -26"><span class='ocrx_word' id='word_1_136' title='bbox 317 2703 508 2779; x_wconf 85' lang='lat' dir='ltr'><strong>reinvitatus</strong></span> <span class='ocrx_word' id='word_1_137' title='bbox 522 2711 580 2782; x_wconf 93' lang='lat' dir='ltr'><strong>est,</strong></span> <span class='ocrx_word' id='word_1_138' title='bbox 596 2712 629 2769; x_wconf 92' lang='lat' dir='ltr'><strong>et</strong></span> <span class='ocrx_word' id='word_1_139' title='bbox 649 2705 848 2768; x_wconf 87' lang='lat' dir='ltr'><strong>Lateranum</strong></span> <span class='ocrx_word' id='word_1_140' title='bbox 867 2705 1019 2769; x_wconf 92' lang='lat' dir='ltr'><strong>inductus</strong></span> <span class='ocrx_word' id='word_1_141' title='bbox 1039 2706 1205 2771; x_wconf 91' lang='lat' dir='ltr'><strong>humiliter</strong></span> <span class='ocrx_word' id='word_1_142' title='bbox 1217 2729 1320 2791; x_wconf 90' lang='lat' dir='ltr'><strong>prono</strong></span> 
     </span>
     <span class='ocr_line' id='line_1_21' title="bbox 318 2806 1318 2894; baseline 0.007 -26"><span class='ocrx_word' id='word_1_143' title='bbox 318 2806 412 2869; x_wconf 91' lang='lat' dir='ltr'><strong>vultu</strong></span> <span class='ocrx_word' id='word_1_144' title='bbox 429 2808 576 2890; x_wconf 91' lang='lat' dir='ltr'><strong>protinus</strong></span> <span class='ocrx_word' id='word_1_145' title='bbox 595 2808 758 2891; x_wconf 89' lang='lat' dir='ltr'><strong>postulata</strong></span> <span class='ocrx_word' id='word_1_146' title='bbox 776 2807 1010 2887; x_wconf 89' lang='lat' dir='ltr'><strong>benedictione,</strong></span> <span class='ocrx_word' id='word_1_147' title='bbox 1026 2809 1161 2891; x_wconf 90' lang='lat' dir='ltr'><strong>pedibus</strong></span> <span class='ocrx_word' id='word_1_148' title='bbox 1181 2812 1318 2894; x_wconf 89' lang='lat' dir='ltr'><strong>Aposto-</strong></span> 
     </span>
     <span class='ocr_line' id='line_1_22' title="bbox 318 2909 1318 2995; baseline 0.007 -24"><span class='ocrx_word' id='word_1_149' title='bbox 318 2909 373 2972; x_wconf 91' lang='lat' dir='ltr'><strong>lici</strong></span> <span class='ocrx_word' id='word_1_150' title='bbox 388 2911 551 2974; x_wconf 90' lang='lat' dir='ltr'><strong>Pontificis</strong></span> <span class='ocrx_word' id='word_1_151' title='bbox 572 2911 740 2975; x_wconf 86' lang='lat' dir='ltr'><strong>advolutus</strong></span> <span class='ocrx_word' id='word_1_152' title='bbox 761 2918 820 2975; x_wconf 88' lang='lat' dir='ltr'><strong>est.</strong></span> <span class='ocrx_word' id='word_1_153' title='bbox 865 2912 994 2995; x_wconf 80' lang='lat' dir='ltr'><strong>Quique</strong></span> <span class='ocrx_word' id='word_1_154' title='bbox 1014 2919 1146 2995; x_wconf 91' lang='lat' dir='ltr'><strong>repente</strong></span> <span class='ocrx_word' id='word_1_155' title='bbox 1167 2935 1241 2976; x_wconf 90' lang='lat' dir='ltr'><strong>eum</strong></span> <span class='ocrx_word' id='word_1_156' title='bbox 1256 2915 1318 2978; x_wconf 91' lang='lat' dir='ltr'><strong>ele-</strong></span> 
     </span>
     <span class='ocr_line' id='line_1_23' title="bbox 319 3013 1320 3100; baseline 0.007 -26"><span class='ocrx_word' id='word_1_157' title='bbox 319 3013 405 3076; x_wconf 87' lang='lat' dir='ltr'><strong>vavit</strong></span> <span class='ocrx_word' id='word_1_158' title='bbox 423 3036 442 3076; x_wconf 92' lang='lat' dir='ltr'><strong>a</strong></span> <span class='ocrx_word' id='word_1_159' title='bbox 460 3023 564 3077; x_wconf 90' lang='lat' dir='ltr'><strong>terra:</strong></span> <span class='ocrx_word' id='word_1_160' title='bbox 588 3022 621 3078; x_wconf 92' lang='lat' dir='ltr'><strong>et</strong></span> <span class='ocrx_word' id='word_1_161' title='bbox 640 3015 785 3078; x_wconf 84' lang='lat' dir='ltr'><strong>chartam</strong></span> <span class='ocrx_word' id='word_1_162' title='bbox 800 3015 835 3077; x_wconf 92' lang='lat' dir='ltr'><strong>in</strong></span> <span class='ocrx_word' id='word_1_163' title='bbox 854 3036 917 3099; x_wconf 89' lang='lat' dir='ltr'><strong>qna</strong></span> <span class='ocrx_word' id='word_1_164' title='bbox 936 3016 1063 3096; x_wconf 84' lang='lat' dir='ltr'><strong>integra</strong></span> <span class='ocrx_word' id='word_1_165' title='bbox 1083 3022 1116 3078; x_wconf 93' lang='lat' dir='ltr'><strong>et</strong></span> <span class='ocrx_word' id='word_1_166' title='bbox 1135 3015 1320 3100; x_wconf 89' lang='lat' dir='ltr'><strong>incorrupta</strong></span> 
     </span>
     <span class='ocr_line' id='line_1_24' title="bbox 320 3116 1320 3202; baseline 0.004 -22"><span class='ocrx_word' id='word_1_167' title='bbox 320 3116 395 3180; x_wconf 85' lang='lat' dir='ltr'><strong>fidei</strong></span> <span class='ocrx_word' id='word_1_168' title='bbox 416 3119 522 3200; x_wconf 92' lang='lat' dir='ltr'><strong>patuit</strong></span> <span class='ocrx_word' id='word_1_169' title='bbox 544 3119 671 3196; x_wconf 88' lang='lat' dir='ltr'><strong>veritas,</strong></span> <span class='ocrx_word' id='word_1_170' title='bbox 687 3118 763 3181; x_wconf 91' lang='lat' dir='ltr'><strong>huic</strong></span> <span class='ocrx_word' id='word_1_171' title='bbox 784 3119 906 3181; x_wconf 92' lang='lat' dir='ltr'><strong>famulo</strong></span> <span class='ocrx_word' id='word_1_172' title='bbox 927 3119 990 3181; x_wconf 92' lang='lat' dir='ltr'><strong>Dei</strong></span> <span class='ocrx_word' id='word_1_173' title='bbox 1011 3117 1160 3195; x_wconf 85' lang='lat' dir='ltr'><strong>reddidit,</strong></span> <span class='ocrx_word' id='word_1_174' title='bbox 1181 3139 1320 3202; x_wconf 82' lang='lat' dir='ltr'><strong>eumque</strong></span> 
     </span>
     <span class='ocr_line' id='line_1_25' title="bbox 319 3220 1320 3301; baseline 0.002 -17"><span class='ocrx_word' id='word_1_175' title='bbox 319 3221 491 3286; x_wconf 88' lang='lat' dir='ltr'><strong>consedere</strong></span> <span class='ocrx_word' id='word_1_176' title='bbox 510 3222 596 3299; x_wconf 90' lang='lat' dir='ltr'><strong>fecit,</strong></span> <span class='ocrx_word' id='word_1_177' title='bbox 617 3230 650 3285; x_wconf 88' lang='lat' dir='ltr'><strong>et</strong></span> <span class='ocrx_word' id='word_1_178' title='bbox 671 3220 804 3285; x_wconf 88' lang='lat' dir='ltr'><strong>salutari</strong></span> <span class='ocrx_word' id='word_1_179' title='bbox 824 3243 899 3301; x_wconf 86' lang='lat' dir='ltr'><strong>eum</strong></span> <span class='ocrx_word' id='word_1_180' title='bbox 924 3220 1150 3285; x_wconf 88' lang='lat' dir='ltr'><strong>admonitionis</strong></span> <span class='ocrx_word' id='word_1_181' title='bbox 1174 3221 1320 3289; x_wconf 87' lang='lat' dir='ltr'><strong>doctrina</strong></span> 
     </span>
     <span class='ocr_line' id='line_1_26' title="bbox 319 3324 1319 3403; baseline 0.003 -17"><span class='ocrx_word' id='word_1_182' title='bbox 319 3324 490 3389; x_wconf 86' lang='lat' dir='ltr'><strong>instruxit:</strong></span> <span class='ocrx_word' id='word_1_183' title='bbox 513 3332 551 3388; x_wconf 92' lang='lat' dir='ltr'><strong>ut</strong></span> <span class='ocrx_word' id='word_1_184' title='bbox 565 3325 649 3389; x_wconf 92' lang='lat' dir='ltr'><strong>hanc</strong></span> <span class='ocrx_word' id='word_1_185' title='bbox 664 3326 734 3388; x_wconf 90' lang='lat' dir='ltr'><strong>sine</strong></span> <span class='ocrx_word' id='word_1_186' title='bbox 753 3325 990 3403; x_wconf 82' lang='lat' dir='ltr'><strong>intermissione</strong></span> <span class='ocrx_word' id='word_1_187' title='bbox 1005 3324 1230 3388; x_wconf 87' lang='lat' dir='ltr'><strong>intemeratam</strong></span> <span class='ocrx_word' id='word_1_188' title='bbox 1244 3325 1319 3390; x_wconf 85' lang='lat' dir='ltr'><strong>fidei</strong></span> 
     </span>
     <span class='ocr_line' id='line_1_27' title="bbox 320 3428 1320 3513; baseline 0.003 -23"><span class='ocrx_word' id='word_1_189' title='bbox 320 3428 535 3492; x_wconf 92' lang='lat' dir='ltr'><strong>munitionem</strong></span> <span class='ocrx_word' id='word_1_190' title='bbox 557 3428 747 3507; x_wconf 90' lang='lat' dir='ltr'><strong>observaret,</strong></span> <span class='ocrx_word' id='word_1_191' title='bbox 771 3436 804 3492; x_wconf 90' lang='lat' dir='ltr'><strong>ct</strong></span> <span class='ocrx_word' id='word_1_192' title='bbox 830 3428 900 3492; x_wconf 89' lang='lat' dir='ltr'><strong>aliis</strong></span> <span class='ocrx_word' id='word_1_193' title='bbox 925 3428 1084 3492; x_wconf 85' lang='lat' dir='ltr'><strong>instanter</strong></span> <span class='ocrx_word' id='word_1_194' title='bbox 1109 3450 1240 3493; x_wconf 87' lang='lat' dir='ltr'><strong>suarum</strong></span> <span class='ocrx_word' id='word_1_195' title='bbox 1261 3450 1320 3513; x_wconf 90' lang='lat' dir='ltr'><strong>pro</strong></span> 
     </span>
     <span class='ocr_line' id='line_1_28' title="bbox 321 3530 1319 3616; baseline 0.004 -22"><span class='ocrx_word' id='word_1_196' title='bbox 321 3530 530 3615; x_wconf 89' lang='lat' dir='ltr'><strong>possibilitate</strong></span> <span class='ocrx_word' id='word_1_197' title='bbox 550 3531 665 3595; x_wconf 91' lang='lat' dir='ltr'><strong>virium</strong></span> <span class='ocrx_word' id='word_1_198' title='bbox 686 3532 883 3615; x_wconf 69' lang='lat' dir='ltr'><strong>predicaret.</strong></span> <span class='ocrx_word' id='word_1_199' title='bbox 928 3532 1037 3595; x_wconf 92' lang='lat' dir='ltr'><strong>Multa</strong></span> <span class='ocrx_word' id='word_1_200' title='bbox 1057 3554 1182 3616; x_wconf 91' lang='lat' dir='ltr'><strong>quoque</strong></span> <span class='ocrx_word' id='word_1_201' title='bbox 1202 3534 1319 3598; x_wconf 86' lang='lat' dir='ltr'><strong>eliade</strong></span> 
     </span>
     <span class='ocr_line' id='line_1_29' title="bbox 321 3635 1319 3721; baseline 0.005 -24"><span class='ocrx_word' id='word_1_202' title='bbox 321 3635 475 3718; x_wconf 86' lang='lat' dir='ltr'><strong>religione</strong></span> <span class='ocrx_word' id='word_1_203' title='bbox 490 3636 679 3713; x_wconf 87' lang='lat' dir='ltr'><strong>sanctitatis,</strong></span> <span class='ocrx_word' id='word_1_204' title='bbox 692 3643 725 3698; x_wconf 91' lang='lat' dir='ltr'><strong>et</strong></span> <span class='ocrx_word' id='word_1_205' title='bbox 739 3635 814 3698; x_wconf 89' lang='lat' dir='ltr'><strong>fidei</strong></span> <span class='ocrx_word' id='word_1_206' title='bbox 829 3635 963 3699; x_wconf 88' lang='lat' dir='ltr'><strong>veritate</strong></span> <span class='ocrx_word' id='word_1_207' title='bbox 978 3636 1168 3701; x_wconf 90' lang='lat' dir='ltr'><strong>sciscitando</strong></span> <span class='ocrx_word' id='word_1_208' title='bbox 1180 3637 1319 3721; x_wconf 90' lang='lat' dir='ltr'><strong>profert:</strong></span> 
     </span>
     <span class='ocr_line' id='line_1_30' title="bbox 320 3739 1319 3823; baseline 0.003 -22"><span class='ocrx_word' id='word_1_209' title='bbox 320 3739 367 3801; x_wconf 92' lang='lat' dir='ltr'><strong>ita</strong></span> <span class='ocrx_word' id='word_1_210' title='bbox 379 3746 418 3801; x_wconf 91' lang='lat' dir='ltr'><strong>ut</strong></span> <span class='ocrx_word' id='word_1_211' title='bbox 433 3760 563 3802; x_wconf 91' lang='lat' dir='ltr'><strong>ornnem</strong></span> <span class='ocrx_word' id='word_1_212' title='bbox 577 3761 659 3821; x_wconf 92' lang='lat' dir='ltr'><strong>pene</strong></span> <span class='ocrx_word' id='word_1_213' title='bbox 674 3739 759 3802; x_wconf 88' lang='lat' dir='ltr'><strong>diem</strong></span> <span class='ocrx_word' id='word_1_214' title='bbox 775 3739 896 3822; x_wconf 87' lang='lat' dir='ltr'><strong>pariter</strong></span> <span class='ocrx_word' id='word_1_215' title='bbox 910 3740 1119 3823; x_wconf 86' lang='lat' dir='ltr'><strong>colloquendo</strong></span> <span class='ocrx_word' id='word_1_216' title='bbox 1134 3742 1319 3806; x_wconf 90' lang='lat' dir='ltr'><strong>alternatim</strong></span> 
     </span>
     <span class='ocr_line' id='line_1_31' title="bbox 321 3843 1320 3927; baseline 0.002 -21"><span class='ocrx_word' id='word_1_217' title='bbox 321 3843 485 3920; x_wconf 89' lang='lat' dir='ltr'><strong>ducerent,</strong></span> <span class='ocrx_word' id='word_1_218' title='bbox 511 3850 544 3906; x_wconf 92' lang='lat' dir='ltr'><strong>et</strong></span> <span class='ocrx_word' id='word_1_219' title='bbox 567 3843 609 3905; x_wconf 89' lang='lat' dir='ltr'><strong>ad</strong></span> <span class='ocrx_word' id='word_1_220' title='bbox 632 3849 821 3919; x_wconf 81' lang='lat' dir='ltr'><strong>extremum,</strong></span> <span class='ocrx_word' id='word_1_221' title='bbox 846 3843 983 3926; x_wconf 90' lang='lat' dir='ltr'><strong>qualiter</strong></span> <span class='ocrx_word' id='word_1_222' title='bbox 1005 3844 1124 3927; x_wconf 93' lang='lat' dir='ltr'><strong>populi,</strong></span> <span class='ocrx_word' id='word_1_223' title='bbox 1148 3866 1206 3927; x_wconf 90' lang='lat' dir='ltr'><strong>per</strong></span> <span class='ocrx_word' id='word_1_224' title='bbox 1229 3845 1320 3909; x_wconf 91' lang='lat' dir='ltr'><strong>devia</strong></span> 
     </span>
     <span class='ocr_line' id='line_1_32' title="bbox 321 3946 1318 4030; baseline 0.003 -22"><span class='ocrx_word' id='word_1_225' title='bbox 321 3946 409 4028; x_wconf 90' lang='lat' dir='ltr'><strong>prius</strong></span> <span class='ocrx_word' id='word_1_226' title='bbox 423 3946 600 4010; x_wconf 87' lang='lat' dir='ltr'><strong>facinorum</strong></span> <span class='ocrx_word' id='word_1_227' title='bbox 621 3946 817 4023; x_wconf 89' lang='lat' dir='ltr'><strong>oberrantes,</strong></span> <span class='ocrx_word' id='word_1_228' title='bbox 832 3946 906 4010; x_wconf 84' lang='lat' dir='ltr'><strong>fidei</strong></span> <span class='ocrx_word' id='word_1_229' title='bbox 927 3947 1120 4010; x_wconf 91' lang='lat' dir='ltr'><strong>documenta</strong></span> <span class='ocrx_word' id='word_1_230' title='bbox 1134 3967 1193 4010; x_wconf 91' lang='lat' dir='ltr'><strong>sua</strong></span> <span class='ocrx_word' id='word_1_231' title='bbox 1205 3948 1318 4030; x_wconf 86' lang='lat' dir='ltr'><strong>praedi-</strong></span> 
     </span>
     <span class='ocr_line' id='line_1_33' title="bbox 322 4049 942 4132; baseline -0.002 -19"><span class='ocrx_word' id='word_1_232' title='bbox 322 4050 449 4113; x_wconf 87' lang='lat' dir='ltr'><strong>catione</strong></span> <span class='ocrx_word' id='word_1_233' title='bbox 462 4050 672 4132; x_wconf 87' lang='lat' dir='ltr'><strong>perciperent,</strong></span> <span class='ocrx_word' id='word_1_234' title='bbox 689 4049 868 4112; x_wconf 89' lang='lat' dir='ltr'><strong>sciscitatus</strong></span> <span class='ocrx_word' id='word_1_235' title='bbox 883 4057 942 4112; x_wconf 86' lang='lat' dir='ltr'><strong>est.</strong></span> 
     </span>
    </p>

    <p class='ocr_par' dir='ltr' id='par_1_4' title="bbox 321 4151 1320 4655">
     <span class='ocr_line' id='line_1_34' title="bbox 365 4151 1319 4237; baseline 0.001 -21"><span class='ocrx_word' id='word_1_236' title='bbox 365 4155 409 4216; x_wconf 90' lang='lat' dir='ltr'><strong>Et</strong></span> <span class='ocrx_word' id='word_1_237' title='bbox 431 4175 507 4216; x_wconf 89' lang='lat' dir='ltr'><strong>cum</strong></span> <span class='ocrx_word' id='word_1_238' title='bbox 527 4175 586 4236; x_wconf 90' lang='lat' dir='ltr'><strong>pro</strong></span> <span class='ocrx_word' id='word_1_239' title='bbox 608 4161 695 4217; x_wconf 88' lang='lat' dir='ltr'><strong>certo</strong></span> <span class='ocrx_word' id='word_1_240' title='bbox 714 4153 931 4235; x_wconf 90' lang='lat' dir='ltr'><strong>comperisset,</strong></span> <span class='ocrx_word' id='word_1_241' title='bbox 948 4152 1034 4236; x_wconf 92' lang='lat' dir='ltr'><strong>quod</strong></span> <span class='ocrx_word' id='word_1_242' title='bbox 1054 4151 1227 4216; x_wconf 88' lang='lat' dir='ltr'><strong>maximam</strong></span> <span class='ocrx_word' id='word_1_243' title='bbox 1249 4154 1319 4237; x_wconf 93' lang='lat' dir='ltr'><strong>qui-</strong></span> 
     </span>
     <span class='ocr_line' id='line_1_35' title="bbox 322 4256 1319 4341; baseline -0.001 -20"><span class='ocrx_word' id='word_1_244' title='bbox 322 4257 394 4321; x_wconf 92' lang='lat' dir='ltr'><strong>dem</strong></span> <span class='ocrx_word' id='word_1_245' title='bbox 411 4256 654 4321; x_wconf 88' lang='lat' dir='ltr'><strong>multitudinem</strong></span> <span class='ocrx_word' id='word_1_246' title='bbox 668 4257 769 4341; x_wconf 92' lang='lat' dir='ltr'><strong>plebis</strong></span> <span class='ocrx_word' id='word_1_247' title='bbox 784 4278 804 4320; x_wconf 92' lang='lat' dir='ltr'><strong>a</strong></span> <span class='ocrx_word' id='word_1_248' title='bbox 819 4257 973 4338; x_wconf 87' lang='lat' dir='ltr'><strong>sacrilega</strong></span> <span class='ocrx_word' id='word_1_249' title='bbox 984 4256 1166 4321; x_wconf 90' lang='lat' dir='ltr'><strong>daemonum</strong></span> <span class='ocrx_word' id='word_1_250' title='bbox 1182 4257 1319 4336; x_wconf 89' lang='lat' dir='ltr'><strong>cultura,</strong></span> 
     </span>
     <span class='ocr_line' id='line_1_36' title="bbox 321 4358 1320 4439; baseline 0.001 -16"><span class='ocrx_word' id='word_1_251' title='bbox 321 4361 361 4423; x_wconf 92' lang='lat' dir='ltr'><strong>ad</strong></span> <span class='ocrx_word' id='word_1_252' title='bbox 376 4360 574 4424; x_wconf 85' lang='lat' dir='ltr'><strong>consortium</strong></span> <span class='ocrx_word' id='word_1_253' title='bbox 590 4368 708 4424; x_wconf 87' lang='lat' dir='ltr'><strong>sanctae</strong></span> <span class='ocrx_word' id='word_1_254' title='bbox 722 4360 874 4424; x_wconf 85' lang='lat' dir='ltr'><strong>Ecclesiae</strong></span> <span class='ocrx_word' id='word_1_255' title='bbox 889 4359 1087 4437; x_wconf 91' lang='lat' dir='ltr'><strong>adscisceret,</strong></span> <span class='ocrx_word' id='word_1_256' title='bbox 1102 4358 1264 4424; x_wconf 88' lang='lat' dir='ltr'><strong>intimavit</strong></span> <span class='ocrx_word' id='word_1_257' title='bbox 1279 4360 1320 4439; x_wconf 91' lang='lat' dir='ltr'><strong>ei,</strong></span> 
     </span>
     <span class='ocr_line' id='line_1_37' title="bbox 322 4462 1318 4547; baseline 0.002 -22"><span class='ocrx_word' id='word_1_258' title='bbox 322 4465 397 4546; x_wconf 91' lang='lat' dir='ltr'><strong>quia</strong></span> <span class='ocrx_word' id='word_1_259' title='bbox 411 4465 621 4546; x_wconf 88' lang='lat' dir='ltr'><strong>Episcopatus</strong></span> <span class='ocrx_word' id='word_1_260' title='bbox 636 4463 698 4526; x_wconf 92' lang='lat' dir='ltr'><strong>sibi</strong></span> <span class='ocrx_word' id='word_1_261' title='bbox 712 4464 878 4546; x_wconf 90' lang='lat' dir='ltr'><strong>imponere</strong></span> <span class='ocrx_word' id='word_1_262' title='bbox 892 4463 1029 4546; x_wconf 84' lang='lat' dir='ltr'><strong>gradum</strong></span> <span class='ocrx_word' id='word_1_263' title='bbox 1043 4462 1203 4541; x_wconf 90' lang='lat' dir='ltr'><strong>voluisset,</strong></span> <span class='ocrx_word' id='word_1_264' title='bbox 1218 4485 1318 4547; x_wconf 90' lang='lat' dir='ltr'><strong>popu·</strong></span> 
     </span>
     <span class='ocr_line' id='line_1_38' title="bbox 322 4566 1319 4655; baseline 0.003 -25"><span class='ocrx_word' id='word_1_265' title='bbox 322 4567 361 4631; x_wconf 89' lang='lat' dir='ltr'><strong>lis</strong></span> <span class='ocrx_word' id='word_1_266' title='bbox 375 4567 526 4650; x_wconf 88' lang='lat' dir='ltr'><strong>pastorali</strong></span> <span class='ocrx_word' id='word_1_267' title='bbox 546 4568 634 4650; x_wconf 92' lang='lat' dir='ltr'><strong>prius</strong></span> <span class='ocrx_word' id='word_1_268' title='bbox 655 4567 868 4630; x_wconf 88' lang='lat' dir='ltr'><strong>sollicitudine</strong></span> <span class='ocrx_word' id='word_1_269' title='bbox 883 4566 1021 4649; x_wconf 89' lang='lat' dir='ltr'><strong>privatis,</strong></span> <span class='ocrx_word' id='word_1_270' title='bbox 1038 4573 1070 4630; x_wconf 93' lang='lat' dir='ltr'><strong>et</strong></span> <span class='ocrx_word' id='word_1_271' title='bbox 1082 4566 1176 4649; x_wconf 84' lang='lat' dir='ltr'><strong>juxta</strong></span> <span class='ocrx_word' id='word_1_272' title='bbox 1191 4574 1319 4655; x_wconf 85' lang='lat' dir='ltr'><strong>septen·</strong></span> 
     </span>
    </p>
   </div>
   <div class='ocr_carea' id='block_1_4' title="bbox 0 0 1648 5467">
    <p class='ocr_par' dir='ltr' id='par_1_5' title="bbox 0 0 1648 5467">
     <span class='ocr_line' id='line_1_39' title="bbox 0 0 1648 5467; baseline 0 0"><span class='ocrx_word' id='word_1_273' title='bbox 0 0 1648 5467; x_wconf 95' lang='lat' dir='ltr'><strong> </strong></span> 
     </span>
    </p>
   </div>
  </div>
 </body>
</html>
