3259 5467
316 669 378 732 118
723 684 905 729 ruouoous.

313 841 385 896 tum
400 830 549 915 insignia,
566 850 638 913 quae
656 835 770 893 vestrae
790 827 1001 912 expandimus
1021 827 1198 906 dilectioni,
1214 825 1313 892 tribua

313 935 476 1019 discipulis
506 933 571 997 suis
605 932 825 996 retexentibus
854 930 1138 1014 comperiebamus,
1168 930 1313 994 videlicet

312 1040 462 1115 Foillaoo,
477 1038 554 1100 Elia
576 1042 606 1099 et
627 1036 767 1114 Kilicoo,
788 1033 844 1119 qui
865 1034 927 1118 piae
949 1033 1114 1099 charitatis
1135 1035 1266 1112 affectu,
1280 1041 1315 1096 ut

314 1140 510 1218 fatebantur,
541 1161 600 1203 sua
629 1158 763 1223 quaeque
792 1137 1022 1202 renunciantes
1051 1137 1093 1201 ob
1123 1159 1214 1222 spem
1244 1138 1315 1201 vitae

313 1250 451 1322 aeternae,
468 1242 538 1327 ejus
552 1241 815 1325 conglutinaliter
833 1241 1029 1306 studuerunt
1044 1240 1207 1305 adhaerere
1223 1241 1314 1305 vesti-

314 1347 384 1429 giis,
401 1352 433 1409 et
448 1345 566 1409 instrui
587 1345 869 1423 admonitionibus,
885 1351 918 1409 et
939 1343 1132 1408 conformari
1153 1345 1314 1428 exemplis.

314 1449 381 1514 Qui
396 1449 494 1512 etiam
517 1470 633 1512 manus
655 1455 781 1512 nostras
803 1447 987 1526 osculando,
1002 1448 1180 1540 provolutis
1199 1449 1236 1511 in
1254 1456 1315 1511 ter-

312 1571 383 1615 ram
397 1550 544 1634 genibus,
559 1571 618 1634 per
631 1571 720 1633 aegra
732 1549 971 1634 lachrymarum
988 1550 1133 1633 suspiria
1149 1549 1316 1633 imprecati

313 1662 390 1718 sunt
405 1674 444 1718 ea
458 1676 477 1718 a
491 1652 584 1717 nobis
599 1652 703 1731 scribi,
719 1660 752 1717 et
770 1653 905 1737 posteris
925 1653 1143 1717 conservanda
1157 1653 1314 1717 mandari.

314 1757 462 1822 Quorum
484 1757 626 1821 multum
647 1756 746 1821 renisi
768 1778 880 1822 sumus
901 1756 1070 1834 voluntati,
1087 1757 1242 1840 quoniam
1259 1779 1314 1821 no·

314 1867 389 1924 strae
416 1859 587 1944 parviculae
616 1859 921 1942 pertimescebamus
953 1858 1189 1924 tantillitatem.
1251 1859 1314 1924 Sed

314 1963 401 2027 enim
425 1963 526 2027 debiti
548 1963 665 2026 amoris
684 1963 748 2046 jus,
764 1962 983 2028 teneritudine
1005 1983 1070 2026 suae
1091 1962 1314 2042 enervationis,

314 2065 451 2149 geminae
466 2086 592 2149 quoque
611 2064 790 2129 dilectionis
806 2065 999 2148 geminifluis
1018 2065 1086 2144 alis,
1103 2065 1207 2129 nostri
1227 2072 1314 2129 tran·

314 2169 439 2233 scendit
469 2190 585 2232 arcana
615 2168 722 2232 devoti
750 2168 898 2252 pectoris,
921 2168 1054 2233 tandem
1083 2167 1141 2232 illa
1165 2168 1316 2234 fraternae

314 2270 599 2354 conglutinationis
620 2270 780 2355 aspiratio,
794 2271 902 2354 ipsum
922 2271 1068 2334 animum
1086 2277 1237 2335 nostrum
1252 2271 1315 2335 suis

313 2373 433 2437 viribus
449 2372 657 2450 diffidentem,
673 2372 779 2455 fragili
793 2373 828 2437 in
843 2372 976 2437 audacia
991 2373 1168 2439 subeundae
1182 2374 1316 2439 difficul-

312 2475 401 2553 tatis,
433 2475 570 2558 Spiritus
600 2475 704 2538 sancti
732 2476 922 2555 tentamine,
953 2474 1057 2559 gratia
1089 2477 1315 2562 cooperatrice,

312 2577 458 2641 refluxit:
497 2584 530 2641 et
553 2577 704 2642 charitati
725 2601 836 2643 eorum
859 2579 1041 2645 satisfacere
1064 2581 1260 2662 studuimus,
1282 2590 1315 2646 et

312 2680 374 2744 hoc
389 2679 430 2743 ad
447 2679 576 2744 laudem
599 2688 631 2745 et
654 2682 789 2765 gloriam
811 2683 856 2767 pii
878 2683 983 2747 Patris
1005 2683 1162 2748 verbatim
1182 2685 1315 2750 enodari

315 2783 451 2868 dignum
466 2784 660 2850 censuimus.
