3259 5467
391 672 454 735 150
746 690 828 734 vrrs
846 691 1023 736 nourracu
1066 693 1067 696 ¹

386 836 506 920 pariter
526 835 700 900 haberetur
721 842 755 900 et
776 835 896 901 amori:
918 843 951 902 et
971 858 1067 921 quem
1085 836 1194 902 divina
1218 836 1386 903 dilectione

387 939 544 1004 haberent
560 939 692 1019 socium,
703 946 819 1005 mutuo
829 940 1011 1024 apostolicae
1022 940 1254 1006 admonitionis
1267 942 1387 1006 honore

386 1043 608 1127 praevenirent,
631 1050 669 1108 nt
694 1051 829 1127 patrem.
874 1044 1045 1131 Tantaque
1068 1045 1104 1109 in
1128 1066 1166 1110 eo
1190 1044 1386 1109 affabilitatis

388 1166 465 1229 erga
477 1146 601 1225 fratres,
618 1153 651 1211 et
671 1147 808 1211 coelestis
827 1147 983 1212 doctrinae
999 1149 1155 1213 succrevit
1174 1148 1385 1233 magnitudo:

386 1257 425 1315 nt
439 1271 567 1314 rumore
583 1256 702 1314 sanctae
717 1251 948 1315 exhortationis
968 1251 1037 1335 ejus
1055 1251 1287 1332 crebrescente,
1303 1253 1387 1316 fama

386 1354 497 1418 multis
518 1376 576 1438 per
597 1354 801 1431 monasteria,
825 1361 893 1418 tam
914 1354 1056 1418 virorum
1079 1377 1176 1438 quam
1204 1355 1306 1420 etiam
1327 1356 1387 1419 rir-

387 1458 500 1541 ginum
519 1457 649 1536 Christi,
665 1457 864 1541 apertissime
884 1457 1044 1521 claruerit.
1090 1458 1240 1525 Quorum
1258 1459 1387 1543 quidem

386 1562 613 1645 quamplurimi
633 1560 717 1625 virili
738 1583 832 1625 sexus
849 1559 964 1626 robore
983 1561 1165 1641 confortati,
1185 1569 1219 1626 et
1240 1563 1386 1628 lectionis

385 1665 543 1730 instantia
561 1664 696 1743 incitati,
718 1663 759 1728 ad
781 1686 857 1728 eum
878 1665 1069 1744 confluxere,
1086 1671 1119 1729 et
1139 1665 1385 1730 saluberrimum
1427 1654 1431 1662 ¹

385 1768 528 1833 scientiae
546 1769 671 1833 fontem
685 1774 845 1851 potantes,
861 1788 1032 1832 numerosa
1051 1767 1284 1852 scriptmarum
1299 1769 1386 1833 volu-

384 1873 475 1937 mina
493 1871 630 1955 legendo
647 1892 846 1936 recensuere.
896 1871 1023 1936 Quibus
1043 1892 1119 1955 ergo
1138 1893 1233 1936 sexus
1252 1872 1386 1937 infirmi·

385 1977 450 2040 oris
464 1975 666 2040 imbecillitas
680 1975 793 2053 inerat,
806 1982 839 2039 et
854 1974 982 2039 assidua
995 1974 1150 2059 pergendi
1165 1975 1387 2058 abnegabatur

256 2062 259 2070 ¹
385 2080 532 2158 facultas,
555 2085 657 2143 tantae
683 2077 745 2141 sibi
774 2077 939 2161 sapientiae
967 2078 1081 2156 virum,
1109 2077 1209 2142 divini
1236 2078 1386 2143 inflatum

386 2184 501 2268 spiritu
512 2182 637 2260 amoris,
647 2181 835 2265 praesentari
849 2181 1004 2260 fecerunt,
1014 2181 1272 2266 paginarumque
1282 2189 1386 2247 trans·

383 2294 549 2351 currentes
569 2286 693 2364 seriem,
714 2284 837 2349 coelesti
857 2285 1018 2349 instanter
1040 2285 1196 2351 scrutinio
1217 2285 1383 2364 inhaesere,

385 2397 419 2454 et
434 2396 707 2453 sacramentorum
722 2410 840 2453 arcana
857 2389 1147 2473 mysteriorumque
1166 2388 1288 2469 abdita,
1299 2389 1384 2474 jugi-

384 2498 436 2556 ter
449 2491 699 2556 meditabantur.
742 2492 849 2558 Quem
864 2491 910 2556 ita
925 2514 1064 2576 superna
1078 2492 1255 2558 sublevavit
1271 2493 1383 2577 gratia,

385 2603 424 2659 ut
439 2596 534 2678 juxta
548 2595 669 2678 egregii
682 2595 898 2679 praedicatoris
913 2597 1084 2680 exemplar,
1100 2603 1134 2661 et
1149 2596 1298 2680 gentium
1313 2597 1383 2661 doc

386 2699 465 2763 toris
479 2720 599 2777 vocem,
613 2699 751 2762 formam
766 2699 889 2763 habens
910 2721 1061 2764 sanorum
1075 2700 1257 2780 verborum,
1272 2701 1309 2764 in
1322 2700 1384 2764 fide

385 2809 419 2867 et
439 2802 609 2866 dilectione
630 2802 709 2866 Jesu
729 2802 859 2881 Christi,
875 2803 1008 2868 sollicite
1030 2824 1143 2866 careas
1161 2805 1296 2885 seipsum
1308 2823 1382 2886 pro-

387 2907 515 2970 babilem
547 2906 690 2969 redibere
722 2906 789 2969 Deo
824 2908 999 2988 opacatum
1030 2906 1267 2990 inconfusibile:
1303 2913 1383 2971 recle

386 3016 571 3074 tractantem
584 3011 708 3074 rabam
721 3011 873 3074 veritalis.

384 3337 500 3402 Curua
526 3337 593 3401 ΙΙΙ.
641 3338 730 3411 erod
751 3338 899 3401 doctrirm
921 3337 1044 3401 cabum
1066 3338 1205 3402 omaibrts
1219 3339 1381 3420 preberet,

427 3448 459 3506 et
473 3442 556 3524 quod
567 3443 647 3504 heac
660 3463 721 3504 noa
734 3462 789 3505 sao
809 3448 882 3505 cate
899 3447 1016 3526 tempas
1034 3443 1136 3505 oetalr's
1154 3443 1288 3506 arbitrio
1302 3443 1381 3506 arri·

421 3550 547 3626 puerei.

427 3732 482 3795 An
501 3730 684 3814 generalem
705 3752 782 3814 erga
803 3730 997 3815 quotidianae
1019 3732 1301 3815 contemplationis
1321 3734 1382 3797 for·

383 3857 481 3914 mam,
497 3841 530 3899 et
553 3834 740 3899 diuturnam
761 3835 964 3919 parsimoniae
985 3834 1222 3900 continentiam
1241 3857 1346 3902 sermo
1364 3856 1383 3899 a

383 3939 477 4004 nobis
499 3939 729 4022 aliquantisper
750 3938 891 4003 ducatus
913 3938 1085 4019 derivatur,
1099 3945 1139 4003 ut
1160 3960 1219 4023 per
1241 3940 1382 4024 singulos

385 4064 527 4129 quosque
542 4064 691 4107 ascensus
711 4043 860 4107 subhmia
878 4042 975 4126 hujus
993 4041 1097 4106 sancti
1118 4041 1179 4106 viri
1196 4064 1295 4127 opera
1312 4064 1381 4128 pro-

383 4149 512 4234 pensius
524 4147 749 4232 compendiosa
759 4146 929 4210 verborum
944 4146 1077 4210 raritate
1092 4167 1300 4230 exequamur,
1315 4153 1380 4210 stu·

384 4252 537 4335 diumque
551 4252 625 4316 vitae
639 4273 696 4336 per
716 4250 825 4315 omnia
845 4249 1034 4315 venerabilis
1054 4250 1213 4315 Bonifacii
1233 4249 1381 4315 subtilius

382 4353 567 4437 indagando
588 4377 828 4439 prosequamur,
843 4361 882 4418 ut
904 4361 937 4419 et
959 4375 1050 4436 aequa
1071 4353 1253 4418 libraminis
1273 4353 1379 4418 mode·

383 4458 509 4522 ratione
523 4459 694 4542 exemplar,
710 4458 802 4522 nobis
818 4459 1019 4537 aeternitatis,
1035 4464 1069 4522 et
1086 4464 1201 4541 patens
1222 4458 1281 4522 fiat
1294 4457 1379 4541 Apo·

385 4560 503 4624 stolicae
525 4561 713 4625 eruditionis
730 4582 853 4625 norma.
901 4561 966 4627 Qui
988 4581 1046 4644 per
1068 4566 1254 4625 sanctorum
1276 4580 1378 4624 exem·
