3259 5467
599 716 639 775 rr
656 693 831 776 naariam
848 733 1034 776 sardonas.
1276 720 1316 781 73

310 879 415 943 vicem
426 866 594 944 caritatem
608 878 825 962 impleveritis,
838 879 946 943 omnia
960 887 1118 963 praecepta
1129 881 1314 965 implebitis.

311 983 421 1046 Deum
446 982 559 1046 solum*
575 982 695 1065 ubique
721 982 844 1060 timete,
868 1003 978 1065 regem
1000 983 1218 1063 honorificate,
1242 986 1318 1068 quia

312 1085 395 1150 sicut
418 1086 573 1170 scriptum
596 1092 654 1164 est,
677 1106 738 1148 non
760 1092 806 1148 est
822 1092 964 1167 potestas
986 1088 1047 1149 nisi
1069 1109 1089 1150 o
1110 1089 1187 1166 Deo,
1211 1090 1317 1170 etqui

311 1191 432 1253 resistit
447 1192 607 1271 potestati,
623 1189 689 1251 Dei
710 1189 902 1252 ordinationi
923 1191 1052 1253 resistit.
1100 1190 1242 1274 Ideoque
1257 1193 1317 1275 piis

311 1292 480 1375 praeceptis
495 1291 632 1355 obedite.
656 1292 676 1355 J
679 1298 790 1355 ustum
805 1313 938 1356 censum
954 1313 996 1355 ne
1011 1292 1219 1372 subtrahatis,
1233 1294 1316 1358 sicut

310 1394 488 1477 Apostolus
506 1395 676 1479 praecepit:
706 1394 766 1458 Coi
784 1395 940 1472 tributum,
962 1395 1128 1469 tributam
1156 1398 1206 1459 coi
1224 1399 1317 1460 aecti-

307 1499 375 1580 μοι,
390 1500 531 1581 vectipol.
579 1498 668 1561 Servi
687 1498 831 1561 carnales
852 1498 908 1580 qui
928 1498 1014 1577 estis,
1031 1497 1158 1563 obedite
1179 1499 1317 1564 dominis

311 1602 436 1681 vestris,
452 1602 537 1665 sicut
551 1602 714 1685 apostolus
725 1600 830 1684 jubet,
846 1622 914 1664 non
929 1601 971 1663 ad
986 1603 1117 1666 oculum
1132 1603 1316 1682 servientes,

313 1703 405 1787 quasi
418 1703 604 1768 hominibus
618 1704 791 1786 placentes,
807 1703 864 1767 sed
884 1703 947 1767 fide
967 1704 1053 1768 bona
1073 1712 1105 1768 et
1126 1707 1221 1770 corde
1241 1707 1315 1770 sim-

311 1807 399 1891 plici.
444 1809 489 1872 Et
503 1830 558 1872 vos
574 1807 697 1871 domini
713 1807 825 1871 eadem
843 1807 939 1872 facite
960 1808 1066 1886 servis,
1083 1816 1268 1873 conservate
1283 1811 1317 1873 in

314 1910 360 1974 eis
371 1911 533 1993 justitiam
548 1919 581 1975 et
596 1910 858 1989 misericordiam,
871 1911 1008 1974 scientes
1021 1912 1174 1994 quoniam
1188 1913 1317 1976 illorum

313 2020 348 2078 et
362 2021 467 2079 vester
481 2016 641 2079 Dominus
656 2015 692 2077 in
707 2014 795 2077 coelis
811 2022 870 2078 est.

358 2121 389 2181 3.
413 2118 602 2182 Orationem
625 2118 819 2182 dominicam
841 2117 1025 2181 memoriter
1047 2124 1167 2195 tenete,
1185 2118 1260 2200 quia
1281 2117 1317 2180 in

313 2242 353 2284 ea
373 2221 513 2285 breviter
534 2223 639 2286 omnis
661 2221 834 2285 necessitas
857 2221 1024 2303 praesentis
1046 2221 1120 2284 vitae
1142 2227 1175 2284 et
1196 2220 1316 2284 futurae

311 2323 453 2407 pleniter
472 2323 764 2406 comprehenditur,
781 2330 813 2386 et
835 2322 983 2386 Christus
1003 2344 1074 2387 eam
1096 2322 1215 2400 docuit,
1230 2322 1316 2386 ideo-

313 2446 377 2509 que
406 2427 578 2491 Dominioa
606 2427 732 2505 dicitur,
764 2428 820 2509 qui
850 2428 1000 2510 praecepit
1036 2434 1074 2490 ut
1104 2427 1149 2490 sic
1179 2447 1316 2490 oremus.

314 2528 507 2612 Symbolum
522 2530 621 2593 etiam
643 2551 683 2593 ex
705 2530 813 2592 animo
835 2535 956 2607 tenete,
972 2529 1048 2611 quia
1070 2530 1227 2613 scriptum
1249 2536 1315 2593 est:

311 2631 507 2713 Impossibile
520 2639 567 2696 est
588 2634 653 2696 siae
667 2632 735 2714 fide
750 2634 879 2713 placere
893 2633 973 2694 Deo·
1014 2632 1157 2715 Ideoque
1176 2633 1316 2717 vosipsi,

312 2734 397 2798 sicut
418 2735 465 2799 ibi
487 2735 613 2815 dicitur,
629 2735 760 2814 credite,
777 2742 810 2798 et
832 2735 906 2798 filiis
928 2735 1051 2815 vestris,
1068 2756 1196 2799 necnon
1218 2743 1251 2800 et
1270 2738 1316 2800 eis

315 2859 398 2921 qnos
412 2838 448 2902 in
463 2838 623 2922 baptismo
638 2838 831 2922 suscepistis,
847 2838 932 2901 hanc
951 2838 1054 2923 ipsam
1068 2839 1166 2903 fidem
1180 2840 1316 2918 tradite;

313 2941 391 3023 quia
405 2942 477 3006 ideo
490 2964 549 3025 pro
566 2942 642 3026 ipsis
662 2943 865 3026 fidejussores
886 2941 1047 3020 extitistis,
1063 2950 1099 3005 ut
1119 2943 1166 3006 sic
1186 2943 1317 3007 credere

313 3044 403 3108 vobis
429 3046 619 3110 docentibus
645 3045 810 3109 deberent.
869 3045 990 3108 Scitote
1017 3045 1115 3108 etiam
1138 3066 1193 3108 vos
1217 3047 1317 3110 semel

312 3169 382 3211 non
397 3149 535 3233 amplius
554 3148 710 3231 baptizari
724 3149 850 3227 debere,
867 3148 966 3211 semel
980 3156 1013 3211 et
1028 3169 1094 3211 non
1119 3148 1255 3230 amplius
1275 3147 1317 3211 ad

313 3252 591 3316 confirmationem
611 3253 770 3331 accedere,
786 3252 862 3335 quia
882 3260 915 3314 et
936 3250 1071 3333 apostoli
1086 3250 1185 3313 semel
1199 3271 1316 3313 manns

314 3376 411 3438 super
436 3356 603 3420 credentes
628 3355 849 3438 imponebant,
873 3360 911 3417 ut
938 3353 1118 3436 acciperent
1144 3353 1316 3436 Spiritum·

313 3465 473 3522 sanctum.

357 3566 390 3624 4.
414 3563 545 3646 Jejunia
566 3561 711 3644 legitima
734 3568 767 3624 et
790 3560 919 3644 publica
942 3561 1080 3624 maxime
1104 3567 1219 3639 amate,
1242 3561 1318 3644 quia

311 3686 371 3747 per
386 3664 615 3729 abstinentiam
635 3672 669 3729 et
689 3666 906 3747 eleemosynas
926 3663 1037 3747 populi
1056 3664 1202 3747 placatur
1217 3666 1316 3744 Deus,

313 3767 397 3831 sicut
412 3769 567 3832 Ninivitis
582 3768 690 3832 triduo
704 3765 930 3851 jejunantibus
944 3767 1096 3850 pepercit.
1149 3768 1316 3832 iustitiam

313 3871 438 3953 diligite
454 3872 537 3936 siout
552 3872 709 3954 scriptum
724 3876 792 3934 est:
815 3870 1115 3952 Dilipitejostitiom
1130 3871 1315 3953 qaijudiec-

313 3976 355 4038 tis
381 3981 506 4038 teram.
552 3975 681 4039 Diaboli
707 3972 909 4037 suasionibus
939 3993 1005 4035 non
1032 3973 1220 4051 consentite,
1247 3975 1313 4052 sed,

312 4079 397 4142 sicut
426 4079 588 4161 apostolus
618 4077 771 4161 praecipit,
798 4077 933 4139 resistite
963 4075 1084 4138 diabolo
1114 4082 1144 4139 et
1164 4075 1270 4158 sapiet
1295 4098 1315 4138 c

311 4182 406 4244 cota.
438 4181 709 4245 Communionem
724 4180 863 4263 corporis
880 4186 912 4242 et
928 4179 1094 4261 sanguinis
1109 4178 1242 4242 Domini
1257 4201 1314 4262 per

311 4293 460 4368 tempora
468 4285 601 4349 sumite.

357 4393 389 4452 5.
414 4389 495 4452 Haec
510 4395 596 4467 sunt,
612 4388 727 4451 fratres
742 4387 807 4450 mei
819 4385 1026 4463 dilectissimi,
1039 4405 1135 4467 opera
1146 4384 1229 4464 fidei,
1243 4408 1315 4469 quae

313 4493 353 4556 ab
370 4492 527 4556 universis
543 4491 735 4555 Christianis
756 4491 970 4555 communiter
990 4488 1109 4552 debent
1126 4492 1315 4569 conservari,

312 4604 346 4660 et
362 4595 482 4680 quibis
500 4596 658 4679 particeps
680 4595 715 4658 in
737 4594 798 4658 hoc
822 4594 936 4658 saeculo
959 4593 1028 4656 fieri
1050 4593 1201 4674 noluerit,
1217 4595 1315 4678 parti·

806 4718 823 4758 s
