3259 5467
537 681 618 725 vrrs
635 682 676 725 nr
693 682 906 728 urarrnrurs
923 685 948 727 s.
966 679 1092 730 L1v1n1.
1249 665 1311 734 127

309 821 479 902 sollicitus,
495 832 620 908 tempus
641 833 700 904 est,
719 832 759 890 ut
773 820 1025 891 consolationem
1040 827 1184 912 accipias,
1199 821 1312 895 recede

311 925 399 1005 hinc,
415 934 448 992 et
462 928 541 993 vade
556 929 597 992 ad
616 929 748 994 beatum
762 930 985 1014 Augustinum
999 932 1204 1017 Episcopum,
1220 935 1312 1019 cujus

312 1029 468 1095 doctrinis
492 1038 525 1095 et
550 1031 610 1116 piis
632 1032 923 1112 informationibus,
947 1035 1096 1131 Domino⁴
1109 1045 1311 1120 cooperante,

312 1134 448 1198 mirifice
463 1136 694 1201 sublimaberis.
741 1137 803 1200 His
822 1137 915 1202 dictis
934 1139 1079 1222 angelica
1095 1140 1173 1204 visio
1187 1148 1312 1205 remota

312 1244 374 1300 est.
420 1237 540 1303 Beatus
569 1249 679 1304 autem
702 1239 836 1303 Lirinus
866 1242 969 1305 sciens
998 1263 1075 1325 erga
1100 1264 1135 1307 se
1164 1242 1312 1308 universa

311 1339 467 1405 divinitus
497 1342 559 1425 agi,
590 1343 798 1427 permissione
829 1345 927 1426 Regis
956 1353 1113 1428 suscepta,
1145 1369 1164 1410 a
1192 1347 1311 1430 palatio

313 1452 515 1527 quantocyus
527 1447 679 1525 discessit,
689 1446 846 1528 Angelica
861 1454 1010 1531 satagens
1022 1449 1113 1532 jussa
1126 1450 1310 1533 adimplere.

313 1546 408 1611 Inter
431 1569 557 1632 quoque
580 1550 643 1613 iter
666 1549 838 1632 agendum,
858 1571 932 1613 cum
954 1559 1139 1634 properaret
1161 1552 1202 1616 ad
1223 1569 1312 1616 mare

311 1670 478 1731 magnum,
494 1672 551 1734 per
565 1652 652 1733 quod
666 1652 907 1735 transnavigare
922 1651 1072 1731 habebat,
1083 1653 1210 1718 obviam
1224 1655 1312 1718 venit

311 1751 343 1813 ei
361 1753 488 1835 juvenis
509 1755 692 1838 perlucidus
718 1762 861 1839 aspectu,
883 1756 999 1819 habilis
1022 1757 1058 1820 in
1083 1757 1219 1836 incessu,
1241 1757 1312 1820 dul·

310 1854 405 1937 cique
421 1857 570 1921 affamine
585 1859 630 1921 sic
645 1867 793 1922 sanctum
807 1859 870 1922 Dei
888 1880 1019 1922 exorsus
1038 1866 1087 1923 est
1102 1860 1311 1943 compellaret

312 1957 367 2020 Ne
390 1961 548 2023 cuncteris
569 1961 678 2040 frater,
701 1982 761 2044 ego
783 1983 856 2025 sum
878 1983 973 2045 quem
996 1963 1086 2026 Deus
1108 1963 1311 2046 omnipotens

311 2062 479 2126 custodem
500 2063 574 2127 vitae
595 2071 661 2128 tuae
683 2061 858 2149 deputavit,
882 2071 915 2129 et
936 2079 1104 2148 nunqnam
1126 2065 1229 2129 aberit
1252 2065 1312 2128 tibi

311 2184 392 2227 cura
410 2166 484 2242 mei,
503 2167 559 2231 sed
581 2167 730 2232 defensor
751 2176 784 2232 et
805 2169 882 2232 Dux
905 2168 1001 2232 adero
1022 2169 1059 2232 in
1080 2169 1230 2234 omnibus
1252 2168 1312 2231 viis

312 2273 378 2336 sive
393 2272 541 2355 operibus
556 2272 631 2335 tuis.
663 2272 749 2336 Novi
764 2291 894 2336 causam
909 2271 1034 2336 itineris
1048 2273 1108 2352 tui,
1122 2274 1312 2339 festinemus

313 2399 378 2460 quo
392 2375 508 2455 tendis,
525 2376 600 2459 quia
614 2396 799 2461 prosperum
814 2377 878 2440 iter
892 2376 981 2440 Deus
997 2373 1087 2441 dabit
1103 2377 1206 2443 nobis.

317 2533 319 2535 .
357 2478 439 2544 Haec
454 2479 580 2542 dicente
595 2501 637 2542 eo·
647 2485 681 2542 et
695 2479 907 2562 praecedente,
917 2487 1091 2563 sanctoque
1106 2481 1220 2546 Livino
1235 2502 1311 2547 cum

312 2583 418 2648 tribus
433 2564 594 2666 discipulis
610 2583 675 2645 suis
691 2582 907 2665 subsequente
922 2583 1051 2667 pariter,
1061 2585 1142 2648 illud
1152 2579 1310 2670 magnum

312 2706 402 2750 mare
437 2686 527 2749 siccis
559 2684 694 2769 pedibus
728 2687 937 2765 transierunt,
969 2705 1108 2770 superna
1136 2689 1312 2754 comitante

312 2789 494 2853 clementia.
540 2790 659 2862 Beatus
685 2810 759 2852 vero
783 2789 925 2869 livinus,
950 2798 983 2854 et
1013 2791 1127 2874 saepius
1153 2793 1313 2858 nominati

314 2893 461 2977 discipuli
472 2892 533 2971 sui,
545 2893 664 2956 scilicet
677 2892 849 2971 Foillanus,
861 2891 983 2972 Helias,
994 2900 1027 2958 et
1039 2895 1188 2958 Kilianus
1201 2917 1312 2979 quam-

314 2997 371 3060 diu
387 3017 482 3080 super
497 3017 595 3079 aquas
614 2996 712 3058 maris
727 2996 867 3079 pedestri
882 2997 961 3060 calle
977 2996 1216 3079 gradiebantur,
1228 3006 1312 3063 tam*

314 3100 372 3163 diu
396 3101 500 3163 visum
525 3106 574 3162 est
597 3099 661 3163 illis
687 3100 836 3164 incedere
859 3120 917 3184 per
939 3120 1089 3183 campum
1115 3101 1313 3166 viridissimis

314 3201 524 3285 graminibus,
537 3208 570 3264 et
578 3221 723 3264 rosarum
731 3201 935 3285 liliorumque
944 3202 1076 3266 fioribus
1087 3201 1313 3283 albescentem,

315 3306 461 3369 omnium
485 3305 699 3388 speciosarum
723 3304 894 3388 generibus
917 3304 1090 3370 herbarum
1112 3313 1312 3372 remantem.

315 3409 400 3472 Cum
424 3415 533 3471 autem
559 3407 600 3471 ad
624 3408 717 3471 littus
742 3407 975 3488 convenissent,
1002 3416 1035 3472 et
1060 3407 1096 3472 in
1120 3416 1208 3473 terra
1231 3410 1312 3475 tutis

315 3511 477 3595 gressibus
498 3510 718 3590 consisterent,
735 3511 849 3576 ductor
867 3532 978 3576 eorum
994 3513 1138 3578 discessit
1153 3513 1193 3578 ab
1209 3513 1264 3594 eis,
1280 3521 1314 3579 et

313 3615 497 3679 videntibus
514 3615 580 3677 illis
600 3636 675 3678 cum
697 3636 817 3698 magno
840 3616 1007 3698 splendore
1033 3617 1134 3681 niveae
1160 3618 1313 3683 claritatis

314 3718 526 3783 circumfusus
541 3717 685 3785 ascendit
701 3719 742 3781 ad
756 3718 884 3782 coelum.
929 3720 990 3782 Vir
1007 3726 1116 3783 autem
1131 3721 1203 3800 Dei,
1218 3722 1313 3785 meria

315 3831 425 3886 torum
443 3842 574 3884 suorum
591 3841 786 3904 cognoscens
808 3842 843 3885 se
863 3822 1034 3886 efficientia
1053 3823 1206 3886 divinitus
1224 3845 1313 3906 mag-

313 3925 408 3988 nifice
438 3923 483 3987 sic
512 3925 680 4002 coruscari,
710 3923 827 3988 humili
855 3944 970 4008 pavore
999 3926 1167 4003 attonitus,
1193 3927 1314 4007 pariter

315 4049 443 4112 quoque
465 4049 520 4110 spe
540 4049 688 4112 supemae
707 4028 934 4092 consolationis
954 4028 1126 4105 animatus,
1152 4048 1226 4090 cum
1249 4026 1312 4090 dis-

314 4132 428 4215 cipulis
458 4131 523 4195 suis
553 4132 674 4195 coelesti
703 4131 815 4215 gratiae
844 4130 968 4195 debitas
996 4131 1107 4194 laudes
1137 4129 1312 4195 adferebat.

315 4233 377 4297 His
403 4234 465 4299 rite
487 4234 624 4318 peractis
648 4234 747 4298 citato
772 4255 878 4312 cursu,
904 4234 1107 4316 secundoque
1131 4231 1248 4295 itinere
1271 4232 1313 4296 ad

314 4345 464 4402 sanctum
478 4337 623 4421 pervenit
637 4338 859 4420 Augustinum
874 4337 1078 4420 Episcopum,
1089 4335 1180 4418 cujus
1195 4335 1312 4399 adven·

314 4450 387 4505 tum
402 4442 521 4505 Beatus
536 4441 712 4525 Episcopus
729 4461 787 4525 per
806 4440 1034 4505 revelationem
1055 4439 1158 4502 sancti
1174 4439 1312 4522 Spiritus

315 4546 480 4609 evidenter
505 4566 691 4628 agnoscens,
712 4546 929 4627 dilectumque
955 4542 1017 4607 Dei
1039 4542 1224 4607 ministrum
1245 4563 1311 4619 suas
1424 4555 1427 4561 '
