3259 5467
389 685 432 750 44
660 698 838 742 aomracu
857 697 1116 741 nacurnrrscorr

433 839 601 906 Zacharias
613 841 832 905 sanctissimus
844 861 880 904 ac
894 840 1097 904 beatissimus
1111 862 1195 924 papa
1209 839 1310 904 dixit:
1327 839 1390 903 Pro

390 953 487 1022 certo,
500 946 628 1008 Fratres
644 943 816 1021 Carissimi,
832 944 893 1007 iste
907 943 1101 1007 Aldebertus
1115 944 1151 1006 in
1165 943 1327 1007 insaniam
1341 949 1389 1006 est

390 1069 580 1125 conversus;
604 1053 636 1110 et
651 1068 772 1125 omnes,
783 1046 838 1129 qui
850 1046 910 1110 hac
921 1053 1061 1110 utuntur
1076 1047 1230 1110 scelerata
1245 1047 1387 1130 epistola,

389 1174 478 1216 more
501 1151 715 1234 parvulorum,
736 1149 857 1232 absque
880 1150 1035 1213 memoria
1063 1151 1225 1214 mentium
1250 1155 1338 1228 sunt,
1357 1156 1389 1212 et

389 1254 598 1319 muliebribus
613 1254 759 1317 sensibus
775 1252 952 1316 insaniunt.
999 1251 1065 1316 Sed
1079 1275 1120 1317 ne
1135 1253 1269 1316 leviores
1285 1252 1390 1316 adhuc

390 1357 525 1441 amplius
551 1356 761 1439 decipiantur,
786 1355 997 1419 indiscussam
1024 1361 1056 1418 et
1083 1355 1202 1439 absque
1229 1354 1390 1419 sententia

389 1482 517 1524 causam
547 1459 631 1522 hanc
660 1457 695 1521 in
725 1478 800 1521 eum
829 1457 1010 1541 rehnquere
1041 1458 1176 1523 minime
1209 1479 1388 1542 possumus.

392 1562 592 1627 Sanctissimi
606 1561 744 1644 episcopi
760 1568 792 1624 et
805 1559 1004 1630 ,venerabiles
1023 1561 1202 1645 presbyteri
1218 1560 1389 1644 responde·

389 1672 487 1730 runt:
518 1665 567 1727 Ex
594 1664 701 1727 divina
725 1664 940 1727 illustratione
966 1663 1197 1746 cognoscimus,
1219 1685 1274 1728 cor
1294 1663 1391 1727 vestri

391 1769 493 1832 sancti
519 1769 713 1851 apostolatus
738 1767 966 1845 illuminatum,
991 1775 1023 1831 et
1050 1789 1121 1851 quae
1146 1790 1166 1830 a
1190 1767 1281 1832 vobis
1308 1767 1391 1831 dicta

390 1879 467 1935 sunt
482 1893 520 1935 ex
536 1870 812 1934 administratione
829 1870 932 1934 sancti
948 1870 1085 1953 Spiritus
1100 1876 1303 1935 emanarunt.
1349 1870 1390 1933 a:

389 1974 516 2053 idcirco,
526 1983 564 2037 ut
579 1973 697 2036 avobis
711 1974 881 2056 praevisum
895 1973 1003 2051 fuerit,
1012 1973 1047 2037 in
1062 1981 1215 2058 utrosque
1231 1972 1391 2043 sententia

390 2078 621 2160 promulgetur.
678 2076 846 2140 Zacharias
873 2077 1091 2141 sanctissimus
1120 2098 1157 2141 ac
1185 2077 1390 2142 beatissimus

389 2202 472 2263 papa
494 2180 593 2243 dixit:
628 2180 706 2243 Non
730 2187 768 2244 ut
794 2202 812 2242 a
838 2179 930 2244 nobis
956 2180 1060 2243 solum
1083 2181 1254 2264 praevisum
1282 2181 1389 2260 fuerit,

390 2285 446 2348 sed
471 2285 590 2366 pariter
615 2305 689 2346 cum
714 2284 886 2348 sanctitate
909 2290 1014 2347 vestra
1037 2290 1086 2348 est
1107 2285 1388 2367 pertractandum:

391 2387 448 2450 sed
477 2387 504 2449 si
534 2387 675 2449 Domino
704 2385 870 2467 placuerit,
895 2386 929 2449 in
959 2387 1070 2450 futuro
1100 2388 1281 2466 secretario,
1307 2387 1390 2472 quod

390 2495 515 2553 rectum
544 2489 645 2552 visum
675 2489 781 2566 fuerit,
808 2497 842 2553 et
867 2490 1016 2553 dominus
1047 2491 1112 2552 suis
1138 2491 1268 2554 famulis
1290 2491 1389 2555 admi·

391 2593 583 2670 nistraverit,
607 2613 646 2654 ex
668 2592 819 2655 omnibus
845 2594 914 2676 ejus
937 2594 1017 2656 actis
1039 2592 1299 2676 promulgabitur
1321 2616 1389 2659 sen·

390 2697 503 2760 tentia.

435 2799 475 2862 In
492 2799 622 2862 nomine
637 2800 769 2863 Domini
784 2801 847 2864 Dei
863 2801 966 2863 nostri
982 2801 1153 2865 Salvatoris
1164 2803 1245 2866 lesu
1261 2800 1390 2880 Christi,

390 2903 567 2984 imperante
583 2902 722 2965 Domino
741 2902 884 2985 piissimo
898 2904 1048 2985 Augusto
1066 2903 1282 2968 Constantino
1301 2925 1389 2987 mag·

389 3027 433 3068 no
446 3005 648 3088 imperatore,
664 3027 750 3069 anno
765 3006 889 3083 XXVI,
905 3013 977 3090 post
997 3007 1200 3071 consulatum
1218 3007 1289 3091 ejus
1304 3027 1390 3072 anno

389 3108 430 3185 V,
440 3129 550 3172 mense
565 3108 707 3187 Octobri,
724 3109 775 3173 die
790 3109 896 3187 XXV,
906 3108 1082 3174 indictione
1096 3110 1189 3188 XIV,
1199 3110 1390 3193 praesidente

389 3211 589 3276 sanctissimo
619 3232 656 3276 ac
685 3212 869 3277 beatissimo
896 3213 1036 3277 Domino
1062 3213 1214 3277 Zacharia
1243 3235 1334 3298 papa¹
1356 3213 1391 3276 in

389 3315 581 3396 patriarchio
618 3316 830 3380 lateranensi
862 3317 897 3379 in
930 3316 1069 3394 basilica,
1108 3338 1178 3400 quae
1211 3317 1390 3400 appellatur

389 3417 566 3481 Theodori:
604 3419 848 3483 considentibus
877 3420 975 3483 etiam
1005 3440 1078 3484 cum
1112 3441 1150 3484 eo
1182 3419 1390 3484 sanctissimis

390 3521 545 3604 episcopis
567 3521 748 3604 Epiphanio
771 3522 811 3585 de
837 3522 924 3586 Silva
945 3523 1100 3600 Candida,
1123 3523 1302 3589 Benedicto
1323 3523 1390 3588 No·

390 3629 511 3700 mento,
524 3623 687 3687 Venantio
699 3625 892 3704 Praenestiae,
905 3626 1060 3709 Gregorio
1077 3627 1264 3706 Portuense,
1274 3627 1392 3691 Niceta

392 3725 512 3804 Gabiis,
538 3727 704 3792 Theodoro
735 3729 894 3807 Ostiense,
923 3730 1071 3793 Gratioso
1101 3728 1256 3795 Velitris:
1294 3738 1392 3814 atquc

390 3830 625 3895 venerabilibus
644 3831 847 3916 presbyteris,
863 3834 991 3897 Joanne
1011 3833 1294 3917 archipresbytero,
1312 3834 1391 3899 Gre-

392 3934 491 4014 gorio,
516 3935 688 4018 Stephano,
711 3936 788 3999 item
814 3935 989 4019 Stephano,
1012 3936 1191 4013 Dominico,
1214 3936 1391 4014 Theodoro,

392 4039 574 4116 Anastasio,
585 4039 733 4122 Georgia,
748 4039 871 4122 Sergio,
884 4040 905 4102 J
906 4039 1036 4118 ordane,
1048 4040 1166 4117 Leone,
1178 4039 1257 4104 item
1272 4041 1391 4117 Leone,

395 4141 559 4223 Gregorio,
585 4142 759 4225 Stephano,
780 4143 964 4221 Eustochio,
985 4143 1149 4227 Procopi0,
1170 4149 1268 4226 atque
1289 4143 1391 4208 Theo·

393 4244 522 4326 phanio.
568 4244 742 4327 Propositis
756 4246 791 4308 in
806 4246 913 4310 medio
928 4246 1046 4310 sanctis
1065 4246 1246 4329 evangeliis,
1263 4246 1391 4311 adstan-

393 4345 480 4410 tibus
504 4369 629 4430 quoque
653 4348 850 4427 diaconibus,
870 4349 921 4413 vel
946 4356 1063 4413 cuncto
1083 4350 1184 4413 clero:
1216 4349 1391 4432 Gregorius

394 4449 536 4513 notarius
556 4451 753 4533 regionarius
773 4459 805 4514 et
827 4453 1071 4516 nomenculator
1085 4453 1181 4517 dixit:
1207 4452 1390 4517 Secundum

396 4552 480 4633 quod
496 4574 514 4614 a
528 4560 632 4617 vestro
648 4562 758 4618 sancto
779 4557 959 4639 apostolatu
979 4564 1174 4640 praeceptum
1193 4564 1242 4622 est
1262 4557 1297 4620 in
1312 4578 1391 4641 prae·
