3259 5467
414 699 458 761 92
685 713 864 764 sourruon
883 710 1146 756 useursrrscorr

799 1118 956 1234 sunno
979 1167 1040 1232 m.
1103 1200 1104 1204 κ

509 1300 511 1304 ’
635 1306 683 1388 De
699 1323 815 1387 duodus
828 1276 1053 1405 repoisoDeo
1068 1315 1207 1385 statutis.
1288 1318 1323 1328 ”
1409 1300 1412 1305 ’

462 1482 492 1542 l.
516 1479 597 1545 Duo
613 1498 716 1561 regua
733 1475 854 1542 statuit
866 1477 969 1555 Deus,
989 1475 1156 1558 praesentis
1177 1474 1251 1540 dieo
1271 1475 1422 1560 temporis

410 1590 452 1646 xet
471 1582 584 1661 hrturi,
599 1587 633 1646 et
654 1588 800 1664 tempora
822 1579 951 1663 utrique
972 1578 1152 1657 constituit,
1169 1579 1353 1663 statuitque
1372 1600 1423 1644 er·

414 1691 546 1769 ‘pectere
564 1684 679 1769 judieii
704 1683 754 1748 sui
780 1682 998 1765 diem,'quam
1022 1682 1091 1766 ipse
1116 1681 1279 1762 diffinivit,
1301 1683 1338 1746 in
1363 1703 1425 1766 qua

412 1788 569 1853 habenda
587 1789 630 1851 sit
648 1804 757 1851 rerum
776 1785 921 1850 omnium
940 1784 1186 1868 animarumque
1205 1785 1370 1864 diseretio,
1389 1792 1425 1848 ut

411 1891 511 1975 impii
525 1890 655 1975 quidem
676 1888 894 1974 propeccatis
918 1887 984 1952 suis
1005 1888 1075 1972 igni
1096 1887 1271 1952 tradentur
1285 1895 1423 1954 aeterno:

418 1995 455 2059 hi
468 2016 542 2060 vero
562 1993 621 2078 qui
642 1993 821 2057 seeundum
842 1990 1241 2075 voluntatemsconditoris
1256 1990 1322 2057 Dei
1341 1992 1425 2057 vise·

417 2105 507 2176 runt,
524 2118 582 2181 pro
603 2095 698 2160 bonis
720 2094 870 2179 operibus
892 2093 1118 2159 benedictione
1139 2101 1303 2178 suscepte,
1318 2096 1425 2160 elaris-

420 2201 500 2265 sima
520 2202 593 2265 luoe
614 2200 785 2282 fulgentes,
808 2196 986 2261 introducti
1008 2197 1049 2261 ed
1075 2204 1233 2261 aeternum
1259 2199 1424 2277 saeenlum,

419 2304 629 2369 ineffabilium
644 2302 804 2366 bonorum
818 2322 956 2365 munera
970 2307 1093 2365 aeterna
1106 2300 1297 2384 percipiant.
1325 2302 1425 2366 Modo

418 2408 534 2472 fratres
546 2407 612 2471 dies
623 2404 854 2490 purificationis
864 2411 985 2483 sancta,
996 2409 1029 2468 et
1041 2403 1300 2488 spiritualesjam
1311 2405 1425 2470 animae

292 2512 295 2517 '
421 2516 508 2589 sunt,
531 2509 704 2592 inquibus
727 2508 834 2592 aliqua
861 2507 1001 2591 corporis
1026 2506 1183 2591 fatigatio,
1208 2507 1328 2573 animae
1352 2529 1424 2572 vero

421 2614 512 2676 luera
532 2612 751 2689 inveniuntur,
772 2619 804 2675 et
826 2611 899 2675 ideo
921 2611 1005 2675 sieut
1026 2610 1200 2694 Apostolus
1223 2611 1322 2676 dieit:
1344 2612 1425 2675 Eece

422 2737 503 2780 aune
517 2722 635 2796 tempus
656 2715 852 2796 acceptabile,
867 2734 936 2777 ecee
956 2732 1037 2777 nune
1055 2714 1125 2778 'dies
1145 2715 1268 2793 salutis,
1283 2714 1358 2780 ideo
1375 2737 1424 2780 va·

423 2841 495 2883 eare
510 2820 581 2882 Deo
596 2817 783 2882 studeamus
798 2818 867 2896 soli,
883 2824 915 2881 et
938 2838 1011 2880 eara
1031 2815 1140 2881 seculi
1156 2818 1363 2883 transeuntia
1378 2839 1424 2882 re-

424 2923 619 3006 linquamus,
642 2928 675 2987 et
697 2922 768 2986 Deo
789 2921 843 3005 pio
868 2921 953 3004 patri
978 2921 1208 3001 adhaereamus,
1232 2921 1425 2988 admonente

424 3027 590 3110 psalmista
604 3047 641 3090 ao
656 3025 783 3089 dicente
796 3051 803 3089 ι
833 3026 948 3089 Vocare
963 3031 994 3088 et
1007 3026 1116 3105 videte,
1132 3026 1278 3108 quoniam
1293 3047 1349 3110 epo
1362 3047 1425 3090 sum

424 3131 585 3194 Dominio.
630 3131 754 3193 Vaeare
776 3150 853 3211 ergo
875 3128 1017 3192 Domino
1039 3135 1088 3192 est
1110 3127 1262 3194 laudibus
1288 3129 1359 3213 ejus
1380 3129 1425 3194 in-

425 3235 547 3314 sistere,
562 3240 596 3298 et
614 3254 712 3297 onera
729 3238 936 3316 peecatorum
957 3252 1015 3316 per
1036 3231 1262 3315 poenitentiam
1279 3233 1425 3319 abjicere,

425 3338 524 3402 etad
550 3337 658 3401 Deum
684 3335 884 3400 conditorem
913 3341 1107 3400 convertere.
1166 3335 1280 3402 Nolite
1310 3336 1427 3403 imitari

426 3441 527 3504 malos
542 3438 742 3503 christianos.
789 3439 875 3503 Sunt
890 3438 987 3518 enim,
1004 3439 1089 3522 quod
1103 3437 1195 3522 pejus
1210 3445 1270 3518 est,
1286 3440 1345 3524 qui
1358 3447 1426 3526 post

426 3542 587 3624 baptisma
600 3542 705 3604 multa
719 3541 855 3606 crimina
875 3549 907 3606 et
926 3547 1059 3625 peecata
1078 3541 1299 3624 committunt,
1315 3551 1350 3610 et
1363 3567 1427 3611 me-

427 3644 647 3708 dicamentum
665 3644 866 3726 poenitentiae
887 3664 954 3709 non
974 3644 1155 3728 requinmt,
1170 3645 1228 3711 sed
1244 3668 1304 3732 per
1318 3670 1427 3715 omnes

428 3750 585 3815 scelerum
605 3770 743 3832 campos,
759 3749 874 3814 laxatis
893 3756 1098 3832 peecatorum
1117 3749 1263 3832 habenis,
1278 3773 1340 3836 per
1351 3773 1428 3837 prae·

427 3853 538 3938 cipitia
551 3853 686 3918 luxmiae
704 3852 855 3916 feruntur
873 3852 1018 3933 infernis,
1034 3860 1067 3918 et
1086 3853 1155 3918 sine
1174 3855 1242 3920 ulla
1256 3877 1429 3943 compunc-

429 3958 528 4037 tione,
544 3957 594 4020 vel
609 3956 805 4022 correctione
815 3955 890 4020 vitae
905 3957 946 4020 ad
961 3957 1062 4022 altare
1073 3958 1222 4024 aeeedere
1237 3967 1272 4025 et
1286 3981 1430 4026 eommu-

428 4062 537 4126 nicare
550 4065 760 4144 praesumunt.
805 4060 873 4122 Vos
891 4080 965 4124 vero
984 4060 1040 4143 qui
1058 4060 1214 4145 baptizati
1228 4062 1316 4144 estis,
1332 4063 1430 4130 nolite

428 4163 549 4228 imitari
563 4164 654 4242 tales,
670 4184 712 4228 ne
727 4162 810 4226 forte
826 4162 853 4225 si
868 4181 922 4226 eos
937 4163 1057 4227 imitari
1074 4164 1248 4245 volueritis,
1264 4187 1341 4232 oum
1356 4167 1430 4253 ipsis

428 4273 549 4333 aeterno
564 4266 719 4351 supplicio
739 4266 887 4350 pereatis.
933 4267 1101 4333 Custodite
1119 4267 1155 4333 in
1173 4268 1263 4335 vobis
1277 4271 1430 4359 baptismi

428 4377 675 4449 sacramentum,
697 4368 889 4433 ¹ebrietatem
914 4370 1002 4434 velut
1026 4370 1146 4436 inferni
1168 4371 1295 4439 foveam
1317 4376 1429 4461 firgite,

429 4473 620 4556 superbiam,
642 4472 805 4549 invidiam,
829 4469 1005 4539 vanitatem
1027 4475 1119 4558 quasi
1141 4476 1287 4560 gladium
1313 4477 1431 4545 diaboli

427 4575 654 4661 pertimescite.
692 4574 805 4641 Nolite
820 4568 997 4657 detrahere,
1013 4578 1087 4661 quia
1103 4577 1186 4644 sieut
1200 4579 1360 4666 scriptum
1375 4588 1431 4662 est,
