3259 5467
358 711 399 773 78
626 725 804 770 nonlrscn
823 724 1088 768 nncnrrmscorr

359 866 557 951 patientibus
580 865 758 943 subvenire,
781 864 921 929 decimas
944 865 1038 928 annis
1061 865 1197 948 singulis
1219 866 1366 945 reddere,

361 990 486 1053 semper
500 988 590 1033 orere
605 969 641 1031 in
656 968 745 1031 omni
759 968 830 1031 looo
844 967 1074 1032 dominationis
1090 969 1169 1052 ejus,
1181 970 1368 1034 castitatem

361 1094 485 1137 servare
500 1078 534 1136 et
544 1071 707 1156 jejunium
727 1091 844 1149 emere,
860 1092 974 1155 pacem
994 1092 1119 1155 semper
1134 1072 1277 1155 diligere,
1295 1095 1368 1156 gra-

360 1177 481 1240 tiarum
496 1175 656 1239 actionem
671 1175 742 1238 Deo
762 1173 802 1237 de
823 1174 973 1238 omnibus
994 1196 1098 1256 agere.
1145 1173 1226 1240 Haec
1248 1176 1369 1240 facien-

362 1279 450 1342 tibus
473 1285 506 1342 et
526 1276 736 1360 implentibus
758 1298 859 1359 regna
878 1284 1101 1360 praeparantur
1121 1285 1252 1342 aeterns.
1298 1279 1369 1342 Illis

365 1382 511 1444 Salvator
525 1380 641 1443 mundi
655 1380 692 1443 in
706 1380 758 1444 die
773 1379 888 1463 judicii
902 1381 1047 1444 dictmns
1063 1388 1129 1445 est:
1159 1383 1267 1445 Venite
1283 1383 1370 1446 bevre-

363 1485 440 1548 dicti
454 1486 566 1547 Patris
580 1484 640 1546 mei
647 1483 806 1565 possidete
817 1504 954 1567 reprom,
970 1485 1053 1566 quod
1064 1486 1150 1548 vobis
1157 1491 1310 1568 parntem
1325 1492 1371 1549 est

364 1589 404 1652 ab
419 1589 537 1669 oripioe
552 1586 657 1649 mundi
667 1613 677 1649 .·
701 1592 775 1650 tunc
781 1586 949 1669 sulpebunt
960 1588 1045 1670 justi
1063 1589 1144 1652 sieut
1163 1591 1211 1652 sol
1223 1589 1258 1653 in
1276 1610 1372 1671 repno

359 1692 467 1774 patrie
490 1711 604 1753 eorum.
629 1689 685 1754 ubi
716 1698 765 1754 est
794 1691 852 1753 lux
877 1690 946 1754 sine
972 1692 1126 1771 tenebris,
1141 1690 1184 1778 [get
1209 1691 1277 1756 vita
1304 1692 1373 1756 sine

365 1802 481 1873 morte,
497 1792 554 1857 ubi
569 1800 618 1856 est
638 1792 753 1858 laetitie
772 1793 968 1877 sempiterna
986 1801 1019 1858 et
1042 1795 1197 1877 gaudium
1212 1795 1282 1859 sine
1297 1795 1370 1874 fine,

364 1896 423 1961 ubi
448 1897 571 1981 majora
596 1903 629 1960 et
654 1895 788 1960 meliora
810 1896 897 1960 bona
923 1897 1110 1982 spiritualia,
1135 1919 1232 1981 quem
1258 1898 1372 1981 lingua

365 2002 510 2065 humana
532 2021 690 2083 exponere
711 1999 822 2082 possit,
846 2001 929 2065 sicut
951 2001 1107 2085 scriptum
1129 2007 1189 2080 est,
1212 2002 1297 2086 quod
1317 2022 1372 2065 nee

366 2106 470 2191 oculos
484 2105 640 2182 victitaret
655 2104 742 2166 auris
753 2105 881 2183 audivit,
893 2125 948 2196 nec
962 2105 996 2167 in
1010 2125 1064 2168 cor
1074 2105 1206 2168 hominis
1221 2105 1371 2184 ascendit,

274 2288 286 2301 θ
364 2229 430 2291 quae
438 2210 633 2290 preparavit
647 2210 733 2271 Deus
748 2207 946 2291 diripentibm
960 2229 1001 2274 re.
