3259 5467
312 675 355 734 80
604 687 772 731 reunion
787 684 1034 729 nncfflnmsoorr

315 831 480 907 catholica,
502 836 540 892 ut
563 829 731 893 credamus
753 827 789 890 in
811 847 915 890 unum
938 828 1046 891 Deum
1067 831 1197 908 patrem
1221 820 1320 888 omni-

314 940 491 1019 potentem,
508 933 591 996 etin
607 931 725 994 Filium
745 931 815 1013 ejus
836 929 970 992 unicum
989 929 1159 992 dominum
1174 934 1321 992 nostrum

317 1040 430 1102 lesum
449 1036 625 1111 Christum,
642 1041 675 1098 et
697 1034 732 1096 in
757 1033 1090 1117 Spiritum-sanctum,
1113 1032 1149 1095 id
1172 1039 1223 1096 est
1242 1053 1323 1095 unus

317 1143 415 1220 Deus,
431 1140 528 1203 unius
549 1137 738 1203 substantiae
762 1137 903 1200 Trinitas
924 1143 1063 1215 aeterna3
1093 1136 1186 1200 Deus
1207 1158 1247 1200 ex
1262 1157 1323 1218 quo

318 1245 436 1322 omnia,
453 1265 510 1326 pcr
525 1263 621 1325 quem
636 1241 754 1328 omnia,
771 1247 804 1304 et
819 1241 856 1303 in
871 1262 934 1324 quo
950 1240 1068 1304 omnia.

362 1351 393 1411 3.
418 1349 460 1410 ln
470 1344 637 1430 praeceptis
648 1365 724 1408 vero
733 1344 796 1408 Dei
807 1344 946 1408 charitas
960 1343 1086 1407 obtinet
1097 1343 1332 1426 principatum,

320 1451 393 1514 idco
421 1448 585 1532 diligenda
607 1456 656 1512 est
679 1455 711 1511 et
740 1447 893 1526 tenenda,
918 1447 988 1510 sine
1013 1447 1106 1529 eujus
1131 1446 1327 1530 perfectione

321 1553 404 1617 nihil
433 1553 503 1616 Deo
532 1552 657 1635 placere
690 1572 793 1634 posse,
827 1549 948 1614 Paulus
985 1555 1125 1613 testatur
1156 1549 1328 1633 apostolus.

323 1656 419 1722 Unde
439 1663 472 1719 et
494 1656 560 1739 ipse
583 1654 743 1719 Dominus
766 1676 786 1717 a
808 1653 948 1737 quodam
971 1653 1075 1718 scriba
1097 1653 1328 1735 interrogatis,

325 1759 411 1843 quod
433 1764 516 1822 esset
543 1757 733 1822 mandatum
761 1757 957 1836 maximum3
994 1755 1179 1840 respondit:
1211 1757 1332 1838 Diliqee

324 1863 490 1926 Dominum
505 1863 605 1925 Deum
623 1868 708 1924 tuum
723 1881 762 1923 ec
777 1867 841 1924 toto
861 1861 1029 1938 cordetuo,
1045 1865 1076 1924 et
1090 1880 1130 1923 ec
1146 1865 1214 1922 tota
1230 1860 1331 1922 anima

326 1973 390 2044 tuo,
414 1972 444 2028 et
466 1986 505 2028 ee
527 1971 593 2028 tota
615 1971 714 2027 mente
736 1970 799 2027 tuo.
856 1963 993 2026 Addidit
1016 1983 1144 2046 quoque
1167 1963 1332 2026 secondum

327 2071 426 2132 simile
448 2075 494 2131 est
516 2070 606 2131 huie:
630 2067 757 2150 Diliyee
767 2069 948 2148 monimum
972 2073 1056 2129 tuom
1078 2067 1160 2129 sicut
1179 2072 1210 2129 te
1225 2068 1333 2152 ipsum.

328 2175 367 2236 Io
382 2174 430 2235 liis
445 2172 561 2235 decim
576 2172 732 2234 mandatis
748 2177 814 2234 toto
830 2173 880 2234 lere
888 2171 1005 2251 pendet
1021 2176 1051 2232 et
1060 2171 1235 2250 prophete.
1254 2168 1334 2253 quod

330 2298 404 2339 vero
420 2276 475 2354 ait,
492 2297 531 2339 ex
547 2273 726 2338 totocorde
749 2282 781 2338 et
804 2280 875 2337 tota
896 2274 1005 2337 anima
1027 2281 1059 2336 et
1080 2280 1152 2337 totu
1166 2279 1289 2351 mente,
1303 2271 1334 2334 id

331 2386 380 2442 est
394 2386 464 2442 toto
486 2378 664 2456 intellectu,
680 2384 751 2441 tota
771 2378 949 2455 voluntate,
966 2383 999 2440 et
1021 2398 1060 2440 ex
1076 2376 1167 2440 omni
1182 2376 1335 2440 memoria

333 2482 441 2544 Deum
461 2500 530 2543 esse
550 2479 760 2562 diligendum.
806 2480 869 2542 Dei
889 2501 963 2543 vero
984 2480 1113 2544 dilectio
1132 2480 1169 2542 in
1190 2480 1334 2544 observa·

331 2585 421 2648 tione
436 2582 662 2646 mandatorum
677 2583 746 2666 ejus
761 2589 831 2646 tota
846 2582 1000 2661 consistit,
1018 2582 1100 2647 sicut
1116 2583 1195 2646 alibi
1210 2584 1279 2647 ait:
1301 2584 1337 2647 Si

334 2689 402 2769 quis
417 2688 519 2767 dtltqtt
533 2707 580 2748 me
594 2706 747 2748 semones
761 2707 843 2749 meos
853 2693 966 2750 servat.
1012 2687 1110 2750 Unde
1125 2694 1158 2750 et
1173 2688 1245 2770 ipsa
1259 2687 1336 2750 veri-

334 2801 385 2853 tas
401 2789 477 2852 alibi
493 2789 554 2851 ait:
578 2791 617 2852 Io
631 2790 688 2851 loc
703 2796 883 2870 coqnoecect
904 2810 1015 2868 omues,
1031 2792 1105 2872 quic
1120 2793 1180 2853 mei
1196 2791 1339 2873 disdpnli

336 2893 419 2967 estis,
439 2893 468 2953 si
491 2892 683 2954 dilectionem
705 2891 877 2954 habueritis
899 2893 943 2954 od
962 2894 1099 2956 inlicem.
1145 2894 1233 2957 Item
1255 2894 1339 2976 Apo·

337 2995 456 3058 stolus:
494 2995 661 3057 Plenitudo
691 2996 768 3075 lepis
801 3001 848 3057 est
878 2996 1010 3059 dilectio.
1056 2996 1144 3059 Item
1174 2988 1339 3059 lohannes

337 3096 550 3181 evangelista:
588 3097 657 3161 Hoc
687 3098 867 3160 mandatam
897 3098 1042 3162 habemns
1071 3119 1091 3161 a
1120 3100 1198 3178 Deo,
1225 3105 1262 3164 ut
1291 3100 1340 3182 qai

338 3203 440 3284 otilipit
454 3204 563 3279 Deum,
581 3202 693 3281 dilipat
707 3205 737 3262 et
746 3201 927 3281 promotum
941 3222 1048 3279 suum„

382 3311 414 3369 4.
439 3306 474 3368 Si
496 3306 578 3368 forte
598 3303 749 3387 quislibet
772 3309 895 3386 quaerat
919 3304 989 3386 quis
1012 3305 1053 3368 sit
1074 3305 1250 3388 proximus,
1267 3305 1342 3369 sciat

341 3431 470 3472 omnem
486 3408 708 3470 Christianum
728 3413 816 3470 recte
835 3408 1017 3490 proximum
1033 3407 1112 3471 dici:
1137 3407 1214 3491 quia
1234 3429 1343 3472 omnes

341 3513 376 3574 in
399 3511 559 3593 baptismo
585 3510 659 3572 Filii
685 3510 748 3574 Dei
771 3510 1019 3589 sanctificamur,
1042 3519 1080 3574 ut
1104 3511 1220 3575 fratres
1247 3513 1344 3576 simus

343 3613 551 3695 spiritualiter
561 3614 596 3676 in
611 3613 768 3676 charitate
783 3614 934 3696 perfecta.
959 3615 1109 3678 Nobilior
1120 3622 1170 3678 est
1181 3617 1345 3697 generatio

345 3716 517 3798 spiritualis
533 3739 628 3798 quarn
644 3718 790 3795 carnalis,
807 3717 847 3780 de
863 3739 927 3799 qua
945 3718 981 3781 in
1003 3720 1168 3801 evangelio
1184 3718 1254 3802 ipsa
1267 3718 1344 3782 veri-

347 3831 396 3882 tas
421 3819 486 3883 ait:
524 3821 586 3883 nisi
610 3822 678 3902 quis
707 3827 835 3884 reactus
855 3820 958 3902 fiterit
988 3843 1027 3885 err
1051 3843 1132 3904 aquo
1159 3829 1190 3886 et
1215 3822 1347 3904 Spirito-

346 3930 463 4001 corteto,
479 3945 540 3986 uon
552 3930 656 4004 potest
671 3926 801 3987 introire
815 3926 849 3987 iu
863 3945 990 4008 requam
1005 3926 1076 3989 Dei.
1120 3926 1234 3989 Discat
1252 3925 1348 3988 homo

347 4051 418 4110 quae
433 4029 499 4092 sint
513 4036 672 4110 praecepta
692 4029 764 4106 Dei,
782 4037 814 4091 et
831 4051 869 4092 ea
884 4029 1044 4093 custodiat
1059 4040 1222 4114 quantum
1236 4030 1349 4106 valeat,

348 4140 380 4194 et
397 4133 441 4195 sio
456 4153 490 4195 se
505 4137 676 4213 cognoscat
692 4131 882 4196 charitatem
897 4131 1016 4196 habere
1031 4133 1103 4196 Dei.
1127 4135 1236 4197 Nemo
1250 4133 1349 4217 igitur

348 4235 491 4317 quamvis
506 4234 632 4316 ingenti
647 4242 851 4317 peccatorum
867 4236 1008 4320 pondere
1023 4244 1195 4320 prematur,
1207 4238 1248 4302 de
1260 4238 1350 4302 boni-

349 4345 416 4402 tate
438 4339 554 4401 divinae
576 4337 704 4420 pietatis
720 4338 888 4422 desperare
905 4341 1011 4404 debet.
1060 4340 1123 4404 Sed
1138 4341 1173 4404 in
1189 4343 1279 4405 omni
1295 4342 1349 4406 tri-

348 4440 551 4504 bulationum
566 4443 718 4523 angustia
740 4465 795 4526 spe
819 4443 860 4506 ad
884 4445 1035 4532 solatium
1055 4466 1203 4528 supernae
1223 4447 1351 4529 pietatis

349 4543 542 4606 currendum
559 4552 624 4607 est:
650 4545 724 4627 quia
745 4546 780 4608 in
802 4548 874 4612 Deo
898 4549 964 4613 solo
987 4549 1092 4613 omnis
1115 4571 1187 4633 spes
1210 4557 1244 4615 et
1268 4550 1350 4614 salus
