3259 5467
319 700 382 760 144
681 718 761 760 vrrn
778 717 957 760 nourrncu

316 860 485 943 sipientem
510 859 716 943 sapientibus,
738 866 770 923 et
789 859 898 922 minus
921 858 1074 922 idoneum
1094 859 1316 943 prudentibus,

316 985 480 1046 coaequare
509 985 546 1026 ac
575 963 742 1047 praeferre3
774 969 807 1027 et
838 962 923 1046 quod
949 963 1018 1026 sine
1043 969 1149 1026 vestro
1172 963 1317 1028 videlicet

315 1075 443 1145 conatu,
465 1066 618 1150 prudenti
641 1087 788 1130 sermone
812 1067 952 1131 relevare
973 1065 1132 1150 potuistis,
1154 1067 1217 1132 hoc
1238 1068 1317 1132 mihi

315 1170 402 1232 velut
417 1170 530 1252 ignaro
544 1170 719 1253 imponere.

361 1273 424 1336 Sed
443 1273 603 1357 deprecor,
626 1280 664 1336 ut
687 1294 782 1356 quem
803 1272 955 1357 praecepti
983 1273 1081 1337 vestri
1102 1274 1243 1338 torcular
1265 1273 1316 1338 de·

314 1376 434 1459 primit,
449 1384 598 1460 precatus
618 1377 753 1440 assiduae
771 1377 925 1440 orationis
946 1376 1107 1457 infundat,
1124 1385 1156 1441 et
1174 1384 1317 1442 mentem

314 1480 450 1563 ignaviae
469 1480 604 1563 caligine
625 1480 782 1558 obtusam,
801 1480 948 1543 voluntas
971 1486 1155 1564 spontaneae
1176 1481 1316 1545 dilectio-

314 1583 366 1647 nis
386 1591 498 1648 vestrae
516 1606 534 1648 e
554 1605 667 1648 somno
684 1583 862 1661 resuscitet,
874 1589 916 1647 ut
931 1583 972 1647 ad
990 1605 1028 1647 ea
1050 1583 1091 1647 ad
1111 1606 1184 1667 quae
1203 1605 1316 1668 cogen-

313 1687 401 1751 tibus
423 1686 511 1750 vobis
531 1686 666 1750 invitata
681 1692 739 1764 est,
755 1686 899 1750 tenacior
918 1686 1018 1749 vivaci
1039 1707 1225 1750 sermonum
1245 1708 1316 1751 nar-

313 1791 439 1853 ratione
452 1788 615 1852 reddatur.
660 1787 869 1871 Compulistis
885 1786 971 1850 enim
986 1807 1048 1865 me,
1060 1793 1098 1851 ut
1114 1787 1155 1850 ad
1169 1809 1316 1852 normam

314 1913 436 1971 eorum,
452 1914 588 1975 quorum
604 1899 661 1954 aut
675 1892 750 1955 vitae
764 1888 997 1969 castimoniam,
1013 1898 1070 1955 aut
1084 1912 1210 1954 morum
1227 1914 1317 1956 sanc-

313 1999 492 2078 timoniam,
509 1997 613 2062 sancti
627 1996 837 2081 proculdubio
852 1997 975 2075 Patres,
991 1996 1131 2080 eleganti
1148 1998 1318 2063 verborum

314 2101 458 2185 ambage,
489 2102 608 2165 chartis
627 2100 799 2164 inserendo
822 2099 1036 2179 tradiderunt,
1057 2101 1244 2183 petentibus
1269 2124 1317 2166 re-

313 2206 435 2289 ligiosis
451 2227 487 2269 ac
503 2205 677 2269 Catholicis
691 2204 776 2283 viris,
793 2204 909 2287 quibus
924 2205 973 2268 vel
987 2204 1022 2267 iu
1034 2204 1157 2269 Tusciae
1170 2206 1316 2288 partibus

314 2311 364 2373 vel
380 2310 415 2372 in
438 2309 552 2373 Galliae
576 2307 733 2387 terminis,
752 2308 803 2371 vel
828 2308 864 2370 in
886 2307 1067 2372 Germaniae
1097 2308 1239 2372 aditibus
1262 2317 1316 2373 aut

314 2413 412 2477 etiam
427 2413 462 2476 iu
478 2412 656 2475 Britanniae
666 2412 824 2476 limitibus
841 2412 874 2475 S.
884 2411 1043 2475 Bonifacii
1057 2412 1208 2497 martyris
1219 2413 1314 2492 fama,

313 2516 605 2598 miraculorumque
642 2514 820 2579 coruscatio
856 2515 1060 2599 perstrepuit,
1097 2515 1182 2580 sicut
1212 2517 1315 2581 Disci-

313 2619 397 2701 pulis
415 2620 483 2702 ejus
499 2640 607 2682 secum
629 2618 684 2682 diu
699 2618 972 2683 commorantibus
994 2619 1045 2682 vel
1062 2618 1152 2682 robis
1173 2619 1252 2704 ipsis
1268 2642 1316 2685 re·

313 2722 490 2786 ferentibus
527 2723 760 2806 comperirem3
800 2722 1002 2806 prooemium,
1036 2722 1246 2808 mediumque
1280 2747 1315 2789 ac

313 2827 412 2888 finem
442 2825 514 2890 vitae
543 2826 622 2909 ejus,
654 2834 776 2909 quanta
798 2827 920 2889 valeam
951 2825 1170 2908 indagatione,
1200 2828 1315 2892 litteris

312 2929 462 2992 inseram.
518 2930 562 2992 ut.
599 2929 869 3012 quemadmodum
897 2929 1009 3012 primae
1045 2930 1314 3012 praevaricationis

313 3033 454 3096 resoluto
477 3033 698 3116 chirographo,
729 3040 762 3096 et
785 3054 869 3096 verae
888 3032 968 3095 lucis
987 3031 1078 3096 radio
1097 3032 1314 3115 illucescente,

314 3132 527 3220 Hegesippus,
552 3137 607 3219 qui
629 3136 689 3200 sub
713 3136 871 3200 Anacleto
894 3137 1031 3200 Romam
1051 3136 1177 3201 venisse
1203 3138 1314 3217 fertur,

314 3240 456 3325 quinque
477 3240 772 3304 Ecclesiasticorum
794 3247 926 3304 actuum
946 3239 1055 3318 libros,
1077 3239 1119 3304 ob
1139 3241 1314 3307 utilitatem

312 3343 489 3425 legentium
498 3344 634 3407 edidisse
645 3343 842 3427 perhibetur,
858 3343 1016 3407 Eusebius
1028 3344 1245 3426 Caesariensis,
1259 3369 1314 3410 no·

312 3446 542 3510 minutissimus
557 3447 887 3531 historiographorum
902 3449 1046 3531 scriptor,
1055 3470 1131 3511 cum
1146 3449 1313 3534 Pamphilo

313 3559 453 3634 martyre
483 3558 515 3614 et
541 3551 687 3634 adjutore
713 3573 781 3630 suo,
808 3573 1002 3634 suorumque
1032 3551 1093 3616 sibi
1122 3554 1312 3618 anteceden-

313 3652 396 3715 tium
425 3660 607 3736 temporum
636 3655 795 3734 historias,
827 3656 908 3718 mira
938 3655 1056 3738 eloquii
1088 3656 1313 3721 disertitudine

312 3764 469 3835 texentes,
485 3757 615 3821 infinita
630 3758 754 3842 scriptis
769 3759 935 3822 volumina
949 3758 1130 3823 ediderunt.

355 3859 426 3923 Nec
446 3882 512 3923 non
539 3867 571 3924 et
592 3861 775 3942 Gregorius
795 3861 850 3944 qui
870 3869 939 3926 erat
958 3861 1005 3924 vir
1029 3861 1133 3926 beatae
1152 3864 1312 3928 memoriae

312 3963 492 4026 litterarum
526 3964 640 4028 studiis
676 3965 921 4044 eruditissimus,
953 3965 1090 4047 glorioso
1120 3967 1311 4049 Apostolicae

314 4067 396 4130 sedis
411 4067 550 4131 culmine
564 4069 749 4151 praesidens,
757 4067 926 4133 beatorum
938 4068 1080 4132 scribens
1095 4069 1311 4135 confessorum

312 4171 420 4249 vitam,
437 4171 649 4250 dialecticum,
661 4171 743 4235 miro
759 4172 932 4236 ostendens
947 4172 1166 4236 moderamine
1180 4195 1310 4251 morem,

313 4282 512 4358 quatuorque
541 4276 644 4357 logica
670 4276 823 4358 expressit
852 4275 1097 4339 ratiocinatione
1126 4275 1236 4356 libros,
1259 4277 1311 4360 qui

313 4377 477 4460 hucusque
507 4379 724 4442 Ecclesiarum
753 4379 867 4442 inserti
900 4378 1113 4458 bibliothecis,
1145 4379 1309 4444 elucubra-

313 4488 380 4545 tam
394 4482 528 4565 posteris
544 4482 685 4546 scientiae
699 4483 839 4546 afferunt
855 4483 1046 4566 dignitatem
1060 4509 1066 4546 :
1082 4481 1130 4546 ita
1144 4483 1239 4548 Beati
1253 4483 1308 4546 viri

313 4584 420 4664 vitam,
442 4585 670 4669 praecelsasque
700 4585 768 4669 ejus
790 4586 934 4665 virtutes,
958 4593 991 4651 et
1017 4586 1143 4651 cultum
1171 4586 1306 4672 pietatis,
