3259 5467
382 721 446 787 1⁷4
739 733 821 777 vrrs
839 731 1017 776 aoursacn

375 880 444 964 jam
473 876 633 941 inchoatae
662 875 703 939 ad
733 873 870 938 Fnldam
900 873 1034 956 comple,
1059 872 1245 958 ibidemque
1276 895 1383 939 meum

378 980 490 1045 multis
510 1000 670 1043 annorum
691 977 859 1042 curriculis
880 997 995 1060 corpus
1016 976 1233 1040 inveteratum
1253 980 1381 1062 perduc.

381 1081 507 1165 Hisque
522 1080 688 1164 completis
709 1078 920 1158 sermonibus,
936 1078 1042 1142 adhuc
1062 1079 1217 1163 ampliora
1235 1081 1382 1166 hujusce·

380 1185 468 1249 modi
497 1184 622 1248 addidit
650 1183 765 1247 verba:
803 1188 837 1245 et
865 1182 914 1246 ita
941 1181 1092 1263 inquiens
1121 1182 1176 1247 ait.
1236 1185 1299 1248 Fili
1328 1193 1383 1250 tuo

374 1281 498 1352 cuncta
531 1285 782 1369 prudentissime
815 1284 947 1368 provide
980 1284 1123 1362 oonsilio,
1154 1307 1226 1368 qnae
1258 1287 1296 1351 in
1324 1289 1383 1352 hoc

381 1397 492 1454 nostro
508 1390 573 1453 sint
592 1388 667 1451 usui
683 1387 799 1452 itinere
818 1387 1016 1470 copulanda:
1039 1387 1096 1451 sed
1110 1393 1144 1451 et
1157 1388 1306 1469 linteum,
1323 1411 1384 1473 quo

381 1513 490 1555 meum
507 1491 705 1574 decrepitum
720 1511 834 1574 corpus
849 1491 1030 1554 involvatur
1045 1491 1082 1554 in
1102 1492 1274 1556 enthecam
1289 1493 1383 1558 libro-

382 1616 455 1657 rum
469 1616 615 1659 meorum
630 1615 758 1678 repone.

425 1698 508 1761 Cum
524 1705 633 1762 autem
648 1697 800 1780 praefatus
815 1702 916 1761 tantae
932 1717 1058 1780 quoque
1070 1697 1305 1779 querelositatis
1315 1699 1382 1762 An·

380 1799 472 1863 tistes
488 1799 624 1882 suspiria
642 1821 710 1862 non
729 1799 835 1862 ferens
855 1799 966 1862 statim
981 1819 1016 1862 se
1029 1798 1065 1862 in
1079 1799 1260 1884 lachrymas
1281 1800 1383 1865 dedis·

381 1908 448 1965 set:
468 1903 537 1985 jam
560 1902 593 1963 S.
610 1901 806 1979 Bonifacius,
828 1902 921 1965 finito
942 1901 1109 1984 colloquio,
1130 1902 1172 1965 ad
1194 1903 1257 1966 alia
1278 1903 1382 1982 rediit,

382 2011 415 2067 et
431 2003 544 2068 diebus
558 2025 626 2068 uon
641 2005 753 2068 multis
772 2003 979 2088 interpositis,
996 2004 1036 2069 ab
1057 2011 1186 2088 accepto
1202 2026 1236 2069 se
1250 2005 1383 2070 minime

381 2109 514 2172 retraxit
524 2108 658 2171 itinere:
683 2107 739 2171 sed
750 2108 887 2191 sumptis
899 2129 1007 2171 secum
1019 2107 1255 2172 conviatoribus
1270 2130 1384 2173 navem

382 2211 534 2288 ascendit,
550 2231 587 2274 ac
604 2232 661 2292 per
681 2209 789 2274 Rheni
808 2210 951 2273 fluminis
972 2211 1098 2274 alveum
1116 2217 1290 2294 penetrans
1309 2233 1383 2276 noc·

382 2319 481 2376 turna
509 2319 662 2396 portuum
687 2311 815 2394 navigio
841 2312 1010 2395 exquisivit
1035 2313 1115 2391 loca,
1139 2313 1241 2377 donec
1267 2335 1384 2397 aquosa

382 2417 560 2479 Fresonum
580 2436 655 2478 arva
673 2414 868 2497 ingrediens,
884 2421 974 2479 trans
994 2421 1146 2496 stagnum
1167 2417 1254 2499 quod
1273 2417 1383 2500 lingua

382 2537 493 2581 eorum
514 2516 631 2580 dicitur
650 2518 802 2596 AElmere,
823 2538 930 2601 sospes
950 2518 1112 2601 pervenit:
1135 2519 1382 2603 infoecundaque

381 2618 489 2683 divino
515 2620 658 2701 germine
683 2620 794 2684 littora
817 2620 1025 2705 inspiciendo,
1051 2621 1175 2686 circuit.
1235 2622 1382 2707 Cumque

379 2723 594 2805 periculosum
609 2723 791 2802 fluminum,
802 2724 973 2808 marisque,
985 2731 1018 2788 et
1032 2724 1216 2808 ingentium
1227 2747 1382 2810 aquarum

380 2825 529 2889 evasisset
549 2825 731 2905 discrimen,
746 2827 781 2890 in
801 2827 980 2910 periculum
996 2827 1066 2912 jam
1084 2827 1154 2892 sine
1173 2828 1316 2911 periculo
1334 2828 1382 2892 in·

378 2926 468 3006 cidit,
484 2936 678 3013 gentemque
698 2930 863 3012 Paganam
884 2930 1057 2995 Fresorum
1076 2930 1225 3010 visitavit,
1241 2953 1316 3015 quae
1334 2931 1380 2995 in-

378 3032 609 3115 terjacentibus
623 3032 714 3116 aquis
733 3033 770 3096 in
789 3033 910 3098 multos
925 3040 1079 3115 agrorum
1091 3033 1246 3099 dividitur
1264 3056 1380 3118 pagos:

379 3134 427 3198 ita
440 3141 478 3198 ut
493 3135 624 3200 diversis
643 3135 795 3219 appellati
814 3135 1009 3215 nominibus,
1025 3136 1123 3200 nnius
1141 3142 1255 3201 tamen
1278 3138 1382 3222 gentis

379 3238 608 3321 proprietatem
623 3238 837 3322 praetendant.
885 3239 950 3303 Sed
961 3239 1037 3322 quia
1050 3239 1184 3322 longum
1198 3245 1258 3317 est,
1274 3247 1314 3306 nt
1326 3262 1382 3324 per

380 3341 524 3405 ordinem
546 3342 752 3425 replicentur,
774 3363 828 3406 eos
852 3347 982 3406 tantum
1003 3343 1043 3407 de
1065 3343 1196 3407 nomine
1219 3343 1381 3408 denudare

381 3443 557 3521 studemus,
583 3443 638 3525 qui
661 3443 702 3506 ad
727 3443 921 3509 narrationis
944 3451 1064 3509 nostrae
1089 3445 1211 3531 seriem,
1228 3446 1381 3511 veraciter

381 3545 605 3627 proferuntur:
642 3551 681 3609 ut
706 3552 739 3609 et
762 3547 861 3626 locus,
886 3552 919 3610 et
942 3547 1063 3630 lingua,
1087 3547 1221 3612 relatam
1247 3569 1268 3612 a
1289 3547 1381 3615 nobis

379 3647 468 3712 beati
481 3647 541 3711 viri
555 3649 801 3714 sanctimoniam
822 3651 987 3735 aequaliter
1000 3651 1125 3735 prodat,
1141 3657 1175 3716 et
1189 3652 1279 3736 quali
1295 3652 1381 3717 hunc

379 3749 540 3815 mundum
568 3751 633 3815 fine
663 3751 832 3830 desereret,
857 3755 988 3837 aperiat
1034 3755 1098 3818 Per
1125 3775 1257 3819 omnem
1281 3755 1380 3839 igitur

380 3852 522 3917 Fresiam
547 3874 694 3937 pergens,
719 3854 855 3919 verbum
884 3856 1026 3936 Domini,
1052 3855 1215 3940 Paganioo
1239 3857 1310 3922 ritu
1332 3877 1380 3921 re·

380 3957 482 4038 pulso,
503 3962 536 4019 et
555 3963 684 4022 terreno
704 3958 894 4040 gentilitatis
917 3980 1007 4024 more
1027 3960 1200 4038 destructo,
1220 3959 1380 4024 instanter

379 4059 591 4142 praedicabat:
629 4060 840 4145 ecclesiasque
874 4062 1009 4127 numine
1038 4062 1203 4127 confracto
1232 4062 1378 4128 delubro-

378 4184 463 4240 rum,
486 4162 613 4245 ingenti
643 4163 750 4227 studio
775 4164 959 4231 fabricavit:
997 4171 1030 4230 et
1055 4166 1161 4230 multa
1181 4166 1252 4249 jam
1280 4164 1379 4231 millia

376 4264 546 4329 hominum
560 4265 700 4329 virorum
716 4288 753 4331 ac
767 4268 948 4347 mulierum,
965 4270 1021 4333 sed
1036 4275 1069 4333 et
1082 4269 1290 4353 parvulorum
1307 4287 1378 4333 cum

377 4368 595 4432 commilitone
616 4391 673 4432 suo
693 4370 887 4454 Coepiscopo
909 4371 1062 4436 Eobaneo
1081 4370 1266 4456 baptizavit,
1285 4391 1378 4455 quem

377 4471 418 4533 ad
433 4472 688 4537 subveniendum
704 4496 771 4538 suae
787 4475 895 4539 senilis
910 4476 1014 4541 aetatis
1028 4475 1220 4556 infirmitati,
1233 4473 1376 4541 hhesoni·

266 4655 270 4661 ¹
375 4572 436 4636 bus
456 4573 605 4657 injuncto
618 4577 787 4662 Episcopio
804 4579 840 4642 in
858 4578 937 4644 urbe
953 4579 1009 4662 qui
1023 4585 1156 4645 vocatur
1169 4578 1290 4645 'lhohct
1303 4577 1374 4645 sub·
