3259 5467
386 673 448 735 166
745 688 826 730 vrrs
844 687 1022 731 sou1racrr

383 856 437 898 eos
450 839 613 916 praeventa
626 836 740 907 morte,
755 830 805 892 vel
819 828 928 892 hostili
945 828 1102 912 siquidem
1123 828 1295 894 eductione
1315 830 1382 912 cap·

382 938 483 1002 tivata
511 942 579 1014 est3
609 934 839 1016 intantumque
869 932 999 996 diversis
1025 933 1200 997 constricta
1224 933 1327 1010 malis,
1348 940 1384 996 ut

384 1049 500 1105 caetera
515 1061 585 1123 quae
600 1036 752 1101 manebat
771 1036 900 1099 residua
917 1036 1028 1119 populi
1046 1035 1152 1114 turba,
1170 1037 1335 1100 Saxonum
1353 1059 1384 1100 se

384 1143 554 1226 subjiceret
576 1140 779 1225 principatui.
819 1140 980 1205 Quoniam
998 1147 1143 1217 cessante
1164 1140 1384 1222 religiosorum

383 1248 504 1312 ducum
518 1245 695 1323 dominatu,
712 1245 846 1308 cessavit
861 1244 959 1307 etiam
974 1244 1009 1306 in
1024 1244 1070 1307 eis
1085 1243 1339 1308 Christianitatis
1354 1252 1385 1307 et

382 1349 545 1433 religionis
556 1348 705 1426 intentio,
718 1355 750 1411 et
761 1346 833 1410 falsi
845 1347 1033 1410 seducentes
1043 1347 1199 1431 populum
1210 1346 1385 1410 introducti

384 1461 461 1518 sunt
475 1453 607 1518 fratres:
631 1451 687 1534 qui
702 1450 761 1513 sub
772 1450 905 1515 nomine
920 1449 1083 1532 religionis
1097 1451 1275 1516 maximam
1288 1434 1393 1514 haeress

382 1557 455 1621 ticae
477 1555 643 1640 pravitatis
668 1554 919 1617 introduxerunt
949 1561 1088 1617 sectam:
1121 1575 1160 1617 ex
1191 1553 1309 1638 quibus
1338 1562 1385 1618 est

384 1657 548 1722 Tlotwiue
564 1665 597 1722 et
616 1656 763 1732 Berther,
782 1654 938 1734 Eanbert‚
959 1662 991 1719 et
1016 1655 1155 1720 Hunred
1176 1655 1384 1720 fornicatores

384 1769 417 1826 et
440 1761 586 1839 adulteri,
610 1781 689 1843 quos
707 1760 802 1843 juxta
822 1759 1016 1841 Apostolum
1038 1759 1198 1823 Dominus
1214 1759 1385 1843 judicavit:

383 1864 419 1928 hi
446 1862 677 1928 validissimum
707 1861 857 1925 adversus
886 1862 1052 1925 hominem
1081 1862 1144 1926 Dei
1170 1863 1385 1926 excitaverant

384 1968 589 2033 conflictum:
605 1965 660 2030 sed
675 1965 757 2029 veris
771 1964 941 2029 verborum
953 1964 1207 2048 oppositionibus
1217 1965 1384 2044 confirtati,

384 2072 516 2154 dignam
530 2069 784 2154 reprehensionis
796 2067 903 2132 sortiti
913 2075 990 2132 sunt
1002 2068 1207 2132 sententiam.
1238 2069 1386 2152 Cumque

383 2181 555 2238 renovatus
571 2193 630 2256 per
647 2172 800 2256 populum
822 2171 896 2234 fidei
914 2171 1071 2235 illuxisset
1091 2171 1220 2251 candor,
1241 2179 1275 2236 et
1295 2172 1385 2256 plebs

384 2277 424 2341 ab
439 2276 566 2358 ingenti
580 2275 695 2340 erroris
711 2281 821 2358 erepta
832 2281 917 2338 esset
927 2275 1061 2357 laqueo:
1081 2275 1150 2358 jam
1161 2275 1300 2359 expulsis
1315 2297 1385 2359 pro-

383 2379 452 2443 fani
465 2378 566 2442 hostis
581 2379 701 2455 amicis,
718 2385 750 2441 et
764 2377 891 2440 infestis
906 2377 1016 2461 populi
1033 2377 1223 2460 supradictis
1239 2378 1383 2443 seducto-

384 2481 482 2560 ribus,
505 2503 642 2545 messem
666 2481 795 2564 quidem
821 2481 959 2544 multam
982 2501 1056 2544 oum
1080 2481 1190 2564 paucis
1212 2481 1385 2546 admodum

383 2583 576 2647 messoribus
597 2583 742 2662 incoluit,
758 2591 790 2647 et
811 2604 964 2666 magnam
981 2583 1131 2666 primitus
1152 2584 1269 2649 mundi
1289 2585 1385 2669 hujus

384 2685 553 2770 penuriam
575 2707 611 2750 ac
631 2686 840 2768 fragilitatem
864 2686 1034 2750 sustinuit:
1068 2687 1260 2771 magnisque
1284 2687 1384 2751 tribu-

384 2789 542 2852 lationum
565 2788 721 2871 augustiis
743 2796 914 2867 coartatus,
932 2788 1021 2853 verbi
1043 2789 1105 2853 Dei
1128 2789 1252 2854 semina
1272 2811 1384 2874 propa-

385 2892 481 2974 gavit.
520 2893 584 2956 Sed
599 2914 673 2957 cum
688 2892 890 2956 credentium
904 2891 1060 2975 paulatim
1073 2892 1263 2975 pollesceret
1276 2893 1383 2957 multi·

385 2996 475 3075 tudo,
491 2997 735 3080 praedicatorum
751 3017 879 3080 quoque
893 2995 1125 3079 multiplicatus
1140 3002 1188 3061 est
1210 2997 1383 3080 catalogus.

384 3100 475 3164 'Punc
504 3102 602 3164 etiam
631 3100 771 3165 ecelesiae
800 3107 933 3182 repente
962 3099 1187 3164 instaurantur
1210 3107 1245 3165 et
1273 3100 1384 3185 praedi-

385 3205 518 3274 cationis
539 3206 607 3289 ejus
630 3204 777 3268 doctrina
797 3202 1039 3267 multiformiter
1058 3203 1237 3267 emanavit:
1259 3226 1383 3268 monas-

385 3309 565 3390 teriumque
583 3314 779 3389 congregata
800 3327 963 3371 servorum
987 3307 1050 3370 Dei
1068 3306 1206 3386 unitate,
1221 3315 1255 3372 et
1270 3308 1383 3373 Mona-

384 3411 516 3473 chorum
539 3432 665 3473 summa
685 3410 856 3474 sanctitate
874 3416 1097 3474 constructum
1117 3417 1167 3474 est
1185 3410 1222 3474 in
1240 3412 1311 3476 loco
1331 3411 1383 3495 qui

385 3512 502 3575 dicitur
517 3513 636 3591 Ortorf,
648 3512 703 3595 qui
718 3513 853 3597 propriis
869 3512 930 3577 sibi
940 3534 1029 3577 more
1038 3514 1224 3597 Apostolioo
1235 3515 1382 3579 manibus

383 3615 504 3678 victum
526 3616 741 3698 vestitumque
768 3617 928 3680 instanter
953 3615 1128 3680 laborando
1156 3618 1381 3701 acquisierunt.

387 3718 503 3801 Sicque
523 3725 641 3782 sanctae
655 3741 765 3783 rumor
783 3719 1019 3803 praedicationis
1037 3721 1106 3805 ejus
1128 3720 1313 3799 diffamatus
1326 3728 1382 3799 est,

382 3821 633 3904 intantumque
656 3822 797 3900 inolevit,
821 3830 860 3887 ut
885 3844 942 3906 per
964 3822 1136 3887 maximam
1156 3824 1226 3908 jam
1247 3826 1382 3909 Europae

384 3932 510 4008 partem
524 3924 611 3988 fama
631 3925 701 4009 ejus
718 3932 948 4008 perstreperet:
972 3932 1005 3990 et
1026 3947 1065 3990 ex
1086 3926 1267 3992 Britanniae
1288 3928 1383 4012 parti-

384 4028 445 4092 bus
461 4052 624 4094 servorum
639 4030 702 4094 Dei
715 4030 854 4113 plurima
869 4030 910 4093 ad
930 4051 1005 4094 eum
1019 4036 1088 4094 tam
1102 4031 1271 4111 lectorum,
1289 4054 1383 4116 quam

384 4133 481 4195 etiarn
505 4133 705 4216 scriptorum,
722 4133 919 4216 aliarumque
942 4133 1061 4197 artium
1083 4134 1284 4199 eruditorum
1305 4135 1383 4199 viro·

383 4256 457 4299 rum
487 4237 742 4319 congregationis
778 4237 963 4301 conveniret
991 4238 1177 4302 multitudo.
1239 4239 1384 4306 Quorum

384 4340 501 4423 quippe
516 4339 743 4422 quamplurimi
757 4341 897 4422 regulari
917 4363 950 4405 se
971 4343 1040 4425 ejus
1059 4342 1260 4407 institutioni
1277 4343 1382 4408 subdi·

384 4443 511 4520 derunt,
527 4445 744 4526 populumque
756 4443 796 4507 ab
809 4445 952 4509 erraticae
962 4446 1150 4528 gentilitatis
1161 4446 1382 4530 profanatione

382 4546 528 4627 plurimis
552 4547 589 4635 in
607 4547 684 4610 locis
702 4569 889 4619 evocavere:
922 4557 955 4613 et
974 4550 1029 4613 alii
1050 4549 1179 4633 quidem
1201 4551 1237 4614 iu
1257 4550 1381 4634 provin·
