3259 5467
606 713 645 754 ΕΤ
662 707 836 757 MAR'HRIS
853 713 1022 757 conclus.

571 1444 602 1504 4.
627 1460 817 1505 coucrmuu
835 1461 1045 1505 nrrrrunuss.

309 1617 349 1679 Io
364 1637 422 1698 quo
437 1617 649 1700 approbantur
662 1618 830 1699 opertos
849 1617 959 1700 synodi
976 1617 1164 1682 Germanico
1178 1620 1311 1699 decreto,

354 1741 490 1803 ooooqoae
518 1723 708 1800 coccinatos,
737 1721 793 1784 sub
826 1722 1028 1784 Gorlomoooo
1061 1723 1177 1804 mcu'ore
1206 1723 1312 1787 domus

354 1824 447 1905 reyin
462 1824 655 1902 cekbrmom,
671 1823 824 1886 Kalendis
837 1824 970 1886 Martiis
985 1825 1059 1886 oooi
1076 1827 1147 1889 743.

355 2000 462 2063 Mooo
478 2006 587 2064 autem
601 2000 637 2062 in
650 2000 712 2064 hoc
727 1998 872 2083 synodali
886 2006 1056 2077 conventu,
1069 1998 1124 2081 qui
1139 2019 1311 2082 congrega-

311 2110 366 2166 tus
386 2111 435 2167 est
455 2103 496 2166 ad
517 2103 681 2167 Kalendas
702 2102 848 2180 Martias,
863 2102 899 2164 in
919 2102 988 2165 loco
1004 2100 1058 2184 qui
1079 2101 1195 2164 dicitur
1209 2102 1312 2185 Lipti·

311 2227 381 2282 nas,
404 2227 515 2270 omnes
536 2205 733 2270 venerabiles
759 2205 939 2268 sacerdotes
962 2205 1034 2283 Dei,
1058 2211 1091 2268 et
1117 2204 1258 2283 comites,
1279 2213 1312 2268 et

311 2309 462 2392 praefecti,
484 2308 597 2392 prioris
621 2308 734 2391 synodi
759 2308 887 2371 decreta
909 2308 1146 2370 consentientes
1168 2308 1312 2371 firmave-

311 2417 399 2491 runt,
418 2432 514 2494 seque
534 2433 572 2476 ea
590 2411 722 2494 implere
742 2411 822 2473 velle
843 2418 875 2473 et
899 2409 1065 2474 observare
1085 2411 1310 2493 promiserunt.

311 2516 356 2578 Et
378 2514 482 2577 omnis
504 2513 708 2578 ecclesiastici
730 2512 852 2576 ordinis
874 2513 988 2590 clerus,
1007 2513 1155 2596 episcopi,
1171 2522 1204 2577 et
1226 2535 1312 2596 pres-

311 2617 427 2702 byteri,
454 2624 486 2682 et
516 2617 651 2696 diaconi,
681 2637 755 2679 cum
785 2615 916 2698 reliquis
946 2615 1077 2693 clericis,
1105 2616 1312 2698 suscipientes

311 2721 518 2804 antiquorum
531 2728 661 2804 potrum
675 2741 824 2798 canones,
840 2719 1056 2802 promiserunt
1072 2740 1105 2781 se
1119 2719 1199 2782 velle
1214 2721 1312 2782 eccle-

312 2824 440 2888 siastica
457 2825 532 2910 juro
552 2823 704 2902 moribus,
727 2831 760 2886 et
783 2821 945 2899 doctrinis,
969 2828 1001 2884 et
1023 2821 1201 2886 ministerio
1222 2844 1312 2886 recu·

312 2948 433 3010 perere.
478 2926 621 2991 Abbates
640 2947 714 2990 vero
734 2933 767 2990 et
786 2925 936 2989 monachi
957 2932 1146 3008 receperunt
1167 2926 1313 3008 regulam

312 3031 415 3095 sancti
429 3029 529 3113 patris
544 3030 722 3108 Benedicti,
738 3029 779 3092 ud
792 3028 1037 3093 restaurandam
1056 3050 1204 3092 normam
1218 3050 1312 3111 regu-

311 3133 387 3197 laris
410 3133 494 3198 vitae.
538 3133 758 3197 Fornicatores
783 3139 893 3195 autem
922 3137 955 3195 et
985 3131 1146 3195 adulteros
1172 3131 1311 3210 clericos,

313 3237 368 3319 qui
383 3243 494 3299 sancta
507 3237 576 3300 loca
590 3237 640 3300 vel
653 3235 848 3300 monasteria
867 3240 943 3298 ante
963 3240 1111 3298 tenentes
1126 3232 1311 3316 coinquina-

311 3347 436 3419 verunt,
462 3340 669 3426 praecepimus
698 3339 774 3403 inde
803 3338 927 3417 tollere,
955 3343 988 3400 et
1018 3338 1059 3400 od
1073 3335 1312 3420 ·poenitentiam

272 3520 280 3543 ·
312 3442 466 3525 redigere.
505 3443 548 3506 Et
564 3444 591 3506 si
604 3449 677 3527 post
691 3443 775 3506 hanc
791 3442 1011 3505 definitionem
1026 3440 1062 3502 in
1077 3439 1199 3504 crimen
1212 3439 1310 3502 forni-

312 3545 447 3609 cationis
461 3547 511 3609 vel
525 3546 673 3610 adulterii
693 3546 878 3627 ceciderint,
893 3545 1006 3629 prioris
1025 3544 1138 3629 synodi
1154 3543 1311 3627 judicium

312 3649 502 3713 sustineant.
549 3649 702 3713 Similiter
717 3656 750 3713 et
763 3649 914 3712 monachi
928 3658 961 3713 et
976 3669 1103 3713 nonnae.

355 3751 536 3815 Statuimus
566 3775 700 3836 quoque,
727 3774 801 3816 cum
831 3752 962 3816 consilio
992 3773 1154 3815 servorum
1180 3750 1252 3828 Dei,
1278 3755 1311 3814 et

311 3855 421 3939 populi
436 3855 619 3934 Christiani,
635 3864 765 3939 propter
779 3855 984 3918 imminentia
1002 3854 1096 3933 bella,
1113 3859 1145 3917 et
1164 3874 1310 3937 persecu-

310 3957 414 4022 tiones
429 3966 616 4023 caeterarum
631 3960 787 4044 gentium,
803 3981 877 4044 quoe
891 3958 927 4021 in
947 3957 1083 4022 circuitu
1097 3965 1207 4020 nostro
1223 3963 1308 4035 sunt,

310 4067 345 4123 ut
375 4060 436 4123 sub
465 4063 607 4144 precario
633 4070 666 4126 et
692 4083 791 4127 censu
815 4061 957 4145 aliquam
985 4066 1110 4145 partem
1139 4058 1310 4122 ecclesialis

310 4164 454 4247 pecuniae
482 4165 517 4228 in
546 4166 741 4249 adjutorium
771 4165 928 4229 exercitus
957 4164 1070 4242 nostri,
1100 4185 1174 4226 cum
1202 4162 1308 4225 indul-

311 4268 420 4350 gentia
443 4268 515 4348 Dei,
539 4269 703 4352 aliquanto
728 4276 872 4353 tempore
894 4269 1109 4333 retineamus:
1140 4287 1179 4328 ea
1200 4266 1308 4328 condi-

310 4371 408 4450 tione,
423 4380 462 4435 ut
485 4371 577 4434 annis
600 4372 734 4454 singulis
756 4373 796 4436 de
818 4392 1010 4455 unaquaque
1034 4369 1157 4433 Casada
1179 4368 1307 4448 solidus,

311 4473 344 4536 id
358 4482 417 4553 est,
434 4475 601 4538 duodecim
617 4475 748 4554 denarii,
765 4476 805 4538 ad
826 4475 990 4539 ecclesiam
1010 4473 1057 4537 vel
1079 4472 1308 4537 monasterium

312 4576 506 4642 reddantur:
538 4598 576 4641 eo
602 4578 697 4642 modo
721 4584 759 4642 ut
785 4579 812 4641 si
838 4577 994 4641 moriatur
1016 4576 1070 4640 ille
1096 4575 1148 4639 cui
1171 4575 1309 4659 pecunia
