3259 5467
313 695 378 757 266
563 712 659 755 noun
675 711 715 754 ar
731 710 848 754 varus
864 709 1060 753 anemonas.

315 856 456 941 agnovit.
506 856 557 918 Ex
577 853 694 917 litteris
715 842 827 916 tamen
850 848 1012 914 Zachariae
1033 872 1067 912 n.
1092 844 1317 912 CXXXVIII.

315 956 498 1036 concludas,
514 977 589 1020 eum
605 977 624 1019 a
638 952 753 1039 synodi
768 953 930 1018 sententia
948 952 990 1017 ad
1009 952 1200 1036 pontificem
1213 972 1319 1035 provo

316 1084 414 1128 casse.
462 1064 495 1125 S.
512 1061 697 1126 Bonifacius
721 1067 793 1122 acta
817 1059 931 1144 synodi
956 1058 1174 1123 Aldebertum
1198 1065 1232 1122 et
1254 1059 1320 1121 Ole-

316 1174 460 1231 mentem
487 1163 716 1228 concernentia
741 1163 879 1226 Romam
908 1182 967 1245 per
995 1160 1208 1226 Deneardum
1238 1181 1320 1244 pres·

318 1270 470 1353 hyterum
500 1267 597 1329 misit.
644 1266 711 1329 Ubi
740 1265 932 1343 notandum,
964 1264 1044 1328 duos
1073 1265 1243 1328 haereticos
1272 1284 1321 1326 an.

318 1369 517 1435 DCCXLII.
533 1368 630 1432 modo
652 1374 814 1452 correptos
834 1387 900 1431 non
921 1367 1093 1452 resipuisse
1102 1393 1113 1446 3
1137 1373 1236 1450 atque
1254 1365 1323 1429 ideo

320 1472 493 1537 solemnius
509 1471 738 1535 condemnatos
755 1491 833 1534 esse.
878 1471 929 1533 llx
949 1470 1091 1554 epistolis
1110 1491 1210 1552 supra
1224 1467 1323 1533 nomi-

317 1575 403 1638 natis
418 1574 571 1636 ulteriora
585 1572 699 1656 synodi
716 1579 787 1635 acta
802 1571 981 1656 perspicere
995 1571 1104 1636 licet.”
1122 1573 1177 1635 W.

363 1677 485 1740 Concil.
503 1675 563 1740 IX.
581 1675 811 1739 Germanicum
826 1675 893 1738 ΙΙΙ.
911 1679 932 1710 “
943 1675 1027 1759 Cum
1037 1678 1094 1752 ita,
1107 1674 1322 1737 Carlomanno

317 1781 463 1864 jubente,
491 1786 523 1842 et
553 1777 718 1841 Bonifacio
744 1777 941 1855 consulente,
966 1777 1108 1860 synodus
1137 1775 1322 1849 haberetur,

320 1883 417 1946 multi
438 1882 486 1945 illi
507 1903 575 1944 non
595 1882 698 1944 solum
716 1881 823 1944 clerici
841 1879 975 1963 quilibet
992 1880 1146 1944 haeretica
1167 1879 1325 1962 pravitate

320 1985 433 2049 infecti
456 1990 547 2047 extra
570 1984 710 2047 ecclesiae
740 1983 1000 2047 communionem
1028 1983 1246 2066 pellebantur,
1272 1979 1326 2044 sed

323 2090 422 2153 etiam
447 2087 585 2169 episcopi
610 2087 796 2169 capitalium
822 2086 995 2150 criminum
1023 2085 1159 2150 maculis
1190 2085 1325 2148 infames

321 2189 577 2273 deponebantur.
622 2188 734 2252 'Potius
754 2196 864 2252 autem
883 2189 997 2252 erroris
1020 2188 1076 2271 qui
1096 2194 1170 2252 tum
1190 2188 1229 2250 in
1245 2188 1324 2251 Ger·

325 2294 435 2357 mania
450 2292 663 2375 grassabatur,
673 2291 826 2375 praecipui
838 2297 984 2355 auctores
996 2291 1061 2355 duo
1070 2291 1162 2354 fuere
1176 2289 1328 2366 haeretici,

327 2396 476 2459 Clemens
492 2402 524 2458 et
540 2395 752 2459 Aldebertus:
776 2393 947 2478 dequibus
965 2400 1077 2477 postea
1091 2414 1166 2457 cum
1181 2394 1329 2479 epistolas

328 2498 370 2560 ad
398 2498 586 2561 Zachariam
614 2498 800 2581 pontificem
831 2496 922 2561 datas
951 2497 1192 2582 protulerimus,
1219 2517 1329 2582 oppor-

326 2600 439 2663 tunius
466 2599 600 2663 dicetur.
645 2601 688 2664 In
711 2600 750 2663 iis
774 2599 861 2664 enim
886 2601 1015 2664 illorum
1040 2600 1171 2664 haeresis
1198 2599 1330 2664 exitialis

328 2709 606 2766 commemoratur.
666 2704 841 2786 Depositus
870 2710 920 2767 est
954 2703 1053 2768 etiam
1081 2709 1163 2767 tunc
1193 2702 1331 2767 Gervilio

329 2803 536 2887 Moguntinae
561 2804 644 2868 sedis
668 2806 823 2884 antistes3
854 2807 946 2890 cujus
968 2806 1100 2890 quidem
1126 2805 1331 2890 depositionis

330 2929 427 2972 eausa
441 2908 504 2971 fuit
518 2907 596 2972 haec.

373 3013 423 3076 Ea
447 3020 640 3095 tempestate
668 3013 848 3077 Saxonibus
878 3013 1092 3097 Thuringiam
1120 3012 1330 3090 vastantibus,

331 3118 402 3200 ejus
416 3116 588 3198 provinciae
602 3115 749 3179 homines
765 3116 973 3180 Carloman'ni
993 3136 1088 3200 opem
1107 3116 1332 3200 implorabant.

334 3218 393 3281 llle
408 3240 483 3281 mox
498 3219 673 3282 exereitum
687 3220 800 3298 mittit,
817 3226 850 3283 et
865 3241 940 3284 cum
955 3241 993 3285 eo
1003 3220 1182 3285 Geroldum
1191 3219 1332 3304 Mogon-

331 3321 439 3384 tinum
463 3322 646 3404 episcopum
670 3321 862 3385 Gervilionis
884 3328 1020 3406 patrem.
1065 3323 1108 3386 In
1133 3322 1203 3405 ipso
1228 3329 1335 3386 autem

333 3424 483 3487 conflictu
500 3425 658 3488 Geroldus
673 3446 747 3488 cum
761 3426 921 3510 plerisque
940 3427 1009 3490 aliis
1027 3448 1128 3491 caesus
1149 3432 1209 3490 est.
1257 3428 1334 3491 Ger·

332 3526 406 3589 vilio
429 3548 503 3590 vero
523 3528 608 3590 filius
631 3529 709 3613 ejus,
734 3529 883 3611 quitum
905 3529 1010 3593 adhuc
1031 3530 1132 3594 laicus
1155 3531 1192 3593 in
1216 3530 1334 3616 palatio

334 3629 529 3705 versabatur,
545 3630 580 3691 in
595 3630 717 3693 clerum
732 3631 919 3696 adsciscitur
938 3633 1082 3696 leniendi
1097 3631 1216 3697 doloris
1232 3655 1334 3712 eausa,

335 3751 431 3814 quem
446 3753 486 3794 ex
500 3732 599 3814 patris
614 3741 717 3798 morte
729 3742 919 3820 conceperat
931 3761 940 3814 ;
964 3737 1133 3820 eidemque
1147 3736 1184 3802 in
1195 3738 1335 3821 Mogun·

334 3835 405 3897 tino
422 3835 612 3918 pontificatu
634 3837 837 3922 subrogatur.
882 3839 961 3902 Non
979 3839 1035 3903 diu
1056 3848 1130 3923 post
1151 3840 1336 3905 Carloman·

335 3961 398 4002 nus
412 3960 524 4002 rursus
540 3940 661 4022 colligit
676 3941 822 4021 militem,
832 3943 1044 4026 proficiscitur
1059 3950 1173 4007 souma
1186 3944 1337 4022 Saxones,

338 4041 554 4104 Gervilionem
570 4062 678 4105 secum
694 4043 793 4106 ducit.
824 4045 978 4109 Exercitu
992 4051 1129 4129 utroque
1143 4046 1234 4110 ultra
1248 4049 1338 4111 citra·

336 4164 398 4226 que
417 4144 520 4227 ripam
538 4145 680 4208 fluminis
700 4146 848 4229 Visurgis
871 4147 994 4230 (auctor
1010 4155 1101 4212 vocat
1120 4148 1336 4232 Wisaraham)

335 4245 531 4325 considente,
548 4247 689 4311 Gervilio
700 4248 793 4331 jubet
808 4271 946 4332 puerum
962 4271 1057 4315 suum
1075 4251 1124 4315 ire
1139 4251 1182 4316 ad
1195 4252 1338 4317 hostium

338 4356 451 4426 castra,
469 4349 641 4431 diligenter
653 4351 718 4414 illic
733 4351 897 4434 inquirere
911 4375 1032 4418 nomen
1047 4353 1127 4441 ejus,
1144 4355 1202 4441 qui
1216 4363 1340 4440 patrem

336 4450 437 4534 ipsius
459 4451 673 4517 interfecerat.
718 4454 798 4518 Abit
820 4477 910 4540 puer,
934 4457 1027 4521 discit
1050 4478 1089 4522 ex
1112 4458 1256 4543 quodam
1277 4482 1341 4525 non

336 4553 434 4635 longe
455 4553 563 4617 abesse
584 4577 668 4634 eum,
685 4578 780 4639 quem
796 4566 974 4644 quaereret:
997 4567 1091 4644 rogat
1110 4567 1149 4625 ut
1165 4563 1208 4628 ad
1223 4562 1342 4629 domini
