3259 5467
713 700 715 703 ·
736 706 963 750 nicenorum.
1268 683 1331 759 265

368 845 492 911 Concil.
518 845 600 908 VII.
628 845 794 909 “Editum
821 847 962 930 primum
986 870 1006 911 a
1031 847 1174 928 Baluai0,
1198 833 1277 914 tom.
1301 852 1331 930 l,

328 949 563 1033 capitularium
583 969 601 1012 e
622 949 723 1012 veteri
742 949 852 1014 codice
870 951 945 1014 MS.
963 949 1166 1017 bibliothecae
1184 953 1332 1019 Thuanae

323 1072 400 1115 cum
429 1053 491 1116 hoc
519 1052 615 1116 titulo
625 1078 635 1130 3
673 1073 712 1116 ex
741 1052 876 1116 concilio
906 1074 1030 1136 regum,
1057 1054 1174 1138 quibus
1203 1056 1331 1140 legatus

325 1156 482 1220 Remanoe
501 1155 588 1219 sedis
607 1154 756 1220 interfuit
777 1155 975 1236 Bonifacins,
990 1178 1064 1240 pag.
1083 1159 1156 1237 151,
1171 1165 1205 1223 et
1220 1160 1330 1243 seqq.'’

367 1361 489 1426 Concil.
505 1361 606 1424 VIII.
620 1366 641 1396 “
655 1360 805 1446 Synodus
817 1367 906 1425 sexta
917 1383 937 1425 a
949 1362 982 1425 S.
993 1362 1159 1429 Bonifacio
1171 1364 1331 1430 celebrata

323 1469 373 1526 est
387 1485 465 1526 ann.
477 1461 668 1527 DCCXLV.
678 1462 748 1525 loco
762 1460 887 1525 incerto
901 1462 937 1524 in
947 1463 1110 1545 provincia
1120 1465 1328 1545 Francorum,

323 1564 508 1648 Moguntiae
536 1569 764 1646 congregatam
795 1562 948 1647 opinatur
979 1565 1134 1644 Serarius,
1159 1567 1216 1632 sed
1244 1568 1329 1633 hanc

322 1667 507 1751 opinionem
530 1666 744 1752 fundamento
774 1664 966 1730 destitutam
995 1667 1041 1731 ait
1065 1668 1226 1735 Echartus
1251 1671 1327 1735 Iler.

324 1769 468 1834 Francic.
498 1769 553 1833 lib
586 1769 717 1833 XXIII.
748 1790 780 1852 p.
810 1769 886 1832 466.
933 1771 1111 1834 Praesentes
1140 1770 1177 1834 in
1206 1773 1329 1856 synodo

321 1871 419 1936 fuisse
434 1879 507 1936 octo
522 1872 695 1955 episcopos,
710 1872 835 1954 Anglos
856 1893 978 1950 omnes,
995 1872 1182 1937 Bonifacius
1203 1875 1272 1958 ipse
1291 1874 1328 1941 in

323 1995 373 2057 ep.
405 1975 447 2038 ad
478 1974 688 2039 Herefridum
722 1973 948 2058 presbyterum
982 1975 1069 2039 inter
1102 1976 1329 2043 Bonifacianas

321 2098 411 2140 num.
423 2078 464 2140 X.
479 2084 629 2142 testatur.
675 2076 820 2140 Nomina
835 2075 889 2140 sex
904 2077 1126 2161 episcoporum
1141 2079 1234 2144 nobis
1250 2101 1325 2145 con-

320 2181 457 2244 servavit
471 2180 605 2264 epistola
620 2180 713 2243 XIX.
724 2201 822 2263 quam
836 2179 1030 2244 Ethelbaldo
1044 2181 1114 2265 regi
1128 2182 1326 2248 Merciorum

319 2282 505 2347 Bonifacius
520 2281 775 2365 archiepiscopus
792 2284 920 2366 legatus
938 2283 1325 2354 GermanicusRcmanae

319 2385 460 2449 ecclesiae
477 2391 510 2449 et
524 2385 662 2448 Wevera
683 2391 716 2447 et
737 2385 898 2449 Burchart
916 2391 949 2449 et
965 2385 1124 2450 Warbeth
1144 2391 1177 2450 et
1191 2387 1275 2452 Abel
1290 2395 1324 2453 et

318 2487 474 2551 Wilibald
495 2488 673 2572 coepiscopi
693 2488 899 2571 scripserunt.
945 2489 1091 2552 Weverae
1113 2510 1234 2555 nomen
1253 2511 1322 2555 cor·

318 2597 452 2674 ruptum
469 2591 597 2654 videtur
615 2611 655 2654 ex
674 2590 729 2654 illo
744 2591 908 2655 Wettenae
923 2591 988 2654 sive
1003 2591 1145 2655 Wittani
1160 2592 1323 2659 Burehur·

319 2692 427 2774 gensis
453 2692 604 2775 episcopi.
651 2692 858 2756 Burchardus
887 2692 1152 2777 Wircebnrgensi
1181 2696 1323 2761 ecclesia

317 2801 462 2878 praeerat
507 2795 667 2859 Warbeth
685 2817 772 2858 unus
795 2803 844 2859 est
864 2817 938 2859 cum
959 2796 1138 2861 Hertberto
1155 2798 1322 2863 Senonum

317 2897 553 2981 archiepiscopo
568 2905 601 2961 et
616 2897 700 2961 Abel
715 2897 970 2981 archiepiscopus
983 2899 1161 2978 Remensis,
1171 2901 1235 2982 qui,
1245 2922 1321 2965 earm

316 3002 353 3064 in
368 3001 496 3066 sedibus
512 3002 578 3065 suis
592 3022 660 3064 non
674 3002 912 3084 reciperentur,
929 3000 1016 3083 apud
1024 2988 1229 3064 Bonifacium
1239 3007 1320 3065 tunc

315 3104 493 3169 haerebant.
537 3103 750 3167 Wilibaldum
771 3103 957 3187 episcopum
972 3102 1231 3166 Eichstetensem
1250 3123 1320 3167 esse

315 3214 431 3271 notum
448 3213 507 3272 est.
553 3207 702 3271 Duorum
724 3207 921 3290 reliquorum
942 3205 1163 3289 episcoporum
1185 3204 1319 3270 nomina

314 3311 428 3374 latent.
474 3309 691 3374 Condemnati
714 3310 750 3372 in
778 3309 839 3373 hac
868 3307 991 3393 synodo
1017 3313 1094 3371 sunt
1123 3307 1319 3373 Aldebertus

315 3420 349 3477 et
376 3413 534 3491 Clemens,
559 3419 598 3477 ut
624 3434 663 3476 ex
686 3412 766 3476 actis
788 3411 915 3476 concilii
938 3410 1078 3474 Romani
1097 3416 1196 3494 patet.
1242 3411 1319 3474 Jam

315 3515 413 3579 etiam
427 3515 598 3600 episcopali
612 3514 714 3598 gradu
729 3515 871 3598 dejectus
887 3521 936 3578 est
946 3513 1140 3578 Gewiliebus
1151 3513 1318 3597 episcopus

315 3618 542 3703 Mcguntinus,
559 3639 654 3701 quem
669 3617 863 3681 recentiores
883 3617 966 3680 male
983 3616 1200 3681 Gervilionem
1214 3616 1318 3681 nomi·

314 3729 406 3785 nant.
442 3721 506 3785 Hic
522 3721 609 3785 enim
625 3727 697 3803 post
711 3720 917 3785 commissum
935 3741 1022 3784 anno
1038 3719 1200 3804 superiore
1214 3718 1316 3784 homi-

314 3823 434 3888 cidium
456 3823 665 3888 nihilominus
688 3844 777 3886 sacra
798 3828 998 3887 tractaverat.
1044 3823 1142 3886 Unde
1166 3821 1201 3884 S.
1217 3822 1316 3886 Boni·

314 3927 413 3991 sacius
428 3927 463 3989 in
479 3927 601 4011 synodo
611 3927 681 4010 jam
695 3926 820 3989 facinus
830 3927 899 4010 ejus
911 3923 1056 4008 exposuit
1067 3931 1101 3988 et
1116 3928 1315 3987 contestatus
1363 3998 1365 4002 .

313 4037 371 4109 est,
390 4031 516 4095 nullum
537 4029 701 4094 homicidii
721 4036 814 4093 reatu
835 4029 996 4112 pollutum
1018 4025 1190 4110 episcopali
1211 4024 1315 4089 officio

311 4133 406 4216 fungi
421 4132 547 4197 debere.
594 4131 722 4215 Objecit
737 4132 835 4195 etiam
857 4130 971 4208 eidem,
987 4128 1123 4212 propriis
1143 4149 1178 4193 se
1197 4127 1313 4192 vidisse
1342 4126 1346 4133 ’

311 4237 422 4315 oculis,
443 4236 549 4319 ipsum
575 4256 650 4298 cum
675 4234 786 4298 avibus
811 4232 1008 4316 canibusque
1028 4232 1203 4316 jocantem,
1226 4228 1314 4314 quod

311 4340 458 4423 episcopo
484 4338 669 4402 nullatenus
695 4337 814 4400 liceret.
861 4334 1054 4400 Gewiliebus
1080 4333 1207 4416 culpam
1236 4353 1312 4397 con-

310 4443 422 4520 fessus,
446 4440 560 4526 synodi
578 4439 699 4524 judicio
720 4461 753 4503 se
776 4437 935 4517 submisit,
958 4445 996 4502 ut
1018 4435 1257 4501 Othlonuslib.
1282 4435 1314 4497 1.-

311 4566 379 4628 cap.
396 4548 449 4609 37.
466 4544 573 4622 refert,
583 4545 737 4628 justeque
759 4564 792 4607 se
813 4542 930 4627 deponi
950 4541 991 4606 ab
1011 4541 1124 4606 ordine
1142 4538 1313 4624 episcopali

810 4666 826 4708 a
