3259 5467
684 707 931 753 statuminum.

603 1054 651 1118 ΙΙ.
679 1053 1017 1121 JURAMEN'PUM.

351 1272 594 1335 Juasuuuuuu
617 1266 693 1332 Vol.
719 1266 769 1330 ΙΙ.
794 1288 827 1349 p.
857 1269 889 1346 9,
915 1266 938 1330 l.
965 1268 986 1329 8
1010 1271 1085 1351 post
1108 1268 1313 1335 consulatum

309 1373 392 1456 ejus]
414 1370 582 1436 “Mabillo
600 1369 642 1434 ad
655 1369 688 1433 b
703 1369 726 1434 1.
741 1391 774 1452 p.
790 1370 856 1448 863
880 1369 1071 1433 Sirmondus
1091 1391 1131 1437 ex
1149 1372 1314 1438 codicibus

311 1475 464 1544 Remonsi
485 1480 518 1538 et
540 1472 709 1537 Pithaeano
729 1471 867 1556 reponit,
890 1493 977 1536 anno
996 1473 1059 1537 VI.
1078 1473 1258 1559 probatque
1275 1498 1315 1542 ex

312 1600 359 1657 ee,
375 1577 462 1661 quod
472 1576 540 1641 Leo
555 1578 688 1641 Isaurus
701 1575 874 1659 imperium
887 1574 997 1639 inierit
1005 1575 1106 1640 v111.
1120 1577 1194 1642 Kal.
1210 1580 1315 1668 April.

313 1688 346 1746 et
360 1702 446 1760 mox,
460 1686 500 1744 ut
518 1680 703 1763 conjectura
719 1685 778 1757 est,
794 1678 1007 1742 Consulatum
1025 1680 1178 1762 proximis
1194 1682 1316 1747 Kalen-

313 1784 362 1847 dis
384 1805 437 1852 au,
458 1782 580 1849 Chrisu
599 1781 801 1849 DCCXVII.
821 1780 1008 1860 obtinuerit,
1030 1781 1206 1848 indictione
1230 1786 1315 1866 XV;

312 1885 498 1951 Bonifacius
519 1891 630 1950 autem
658 1890 863 1950 consecratus
885 1883 928 1948 sit
956 1883 1039 1968 prid.
1063 1885 1137 1949 Kal.
1160 1887 1315 1954 Decemb.

311 1988 426 2054 indict.
455 1986 525 2066 v1;
560 1987 760 2071 proindeque
788 2008 876 2051 anno
904 1986 1030 2070 imperii
1058 1994 1092 2052 et
1121 1988 1317 2056 Consulatus

313 2091 433 2157 Leonis
446 2090 510 2170 Vl,
526 2089 649 2158 Christi
668 2089 871 2154 DCCXXII.
919 2089 1090 2155 Sirmondo
1108 2091 1193 2157 iavet
1215 2093 1317 2159 Mari-

314 2216 396 2257 anus
420 2194 536 2258 Scotus
557 2193 594 2257 in
616 2192 787 2258 Chronico.
831 2192 957 2258 Verum
978 2193 1166 2258 retinendus
1191 2196 1319 2262 videtur

315 2318 421 2360 annus
450 2296 569 2360 Leonis
598 2296 680 2360 VII.
704 2302 738 2359 ct
766 2295 902 2360 indictio
930 2295 993 2375 VI,
1016 2317 1084 2360 non
1105 2318 1125 2360 a
1147 2297 1199 2361 die
1221 2298 1319 2363 XXV

316 2401 425 2482 Sept:
449 2399 506 2463 sed
528 2420 547 2462 a
568 2398 724 2462 Kalendis
742 2398 906 2461 Januariis
931 2397 1082 2463 hocloco
1107 2401 1319 2466 numeranda.

317 2502 444 2585 Quippe
458 2500 645 2566 Bonifacius
665 2522 704 2564 ex
726 2500 830 2584 primo
849 2501 966 2568 itinere
981 2503 1130 2567 Romano
1151 2525 1185 2567 se
1199 2504 1320 2589 recepit

315 2605 352 2668 in
375 2604 583 2667 Germaniam
605 2603 665 2667 sub
688 2604 788 2667 finem
808 2603 887 2667 anni
904 2604 1077 2668 DCCXIX
1087 2631 1097 2684 3
1120 2612 1194 2670 tum
1214 2608 1320 2673 Willi-

315 2707 434 2771 brordo
463 2706 597 2770 adhaesit
626 2727 684 2790 per
713 2727 815 2770 annos
844 2714 930 2771 tres:
968 2708 1085 2772 deinde
1116 2709 1258 2775 Saxones
1287 2719 1321 2777 et

318 2809 483 2875 Hessones
514 2809 672 2874 convertit
702 2808 743 2872 ad
771 2808 880 2887 fidem,
904 2830 968 2892 quo
996 2811 1127 2893 negotio
1150 2813 1321 2879 minimum

316 2911 405 2976 intra
418 2933 524 2975 unum
538 2933 661 2975 annum
670 2911 796 2994 expleto
808 2913 947 2975 Romam
961 2919 1120 2993 evocatus,
1132 2935 1151 2977 a
1167 2915 1324 2998 Gregorio

317 3023 365 3091 II.
376 3021 599 3105 Episcopalem
608 3021 891 3088 consecrationem
902 3022 1086 3105 accepitan.
1097 3023 1321 3091 DCCXXIII.

317 3127 432 3192 indict.
447 3126 530 3192 VII.
545 3131 583 3189 ut
598 3124 718 3208 Pagius
733 3123 993 3189 animadvertit.”
1007 3124 1061 3189 W.

361 3229 399 3293 P.
422 3229 510 3308 10,l.
529 3230 550 3293 9
568 3227 765 3311 praesumsit]
791 3231 812 3262 “
825 3225 916 3291 Sicut
935 3226 1032 3311 Papae
1054 3227 1234 3311 appellatio,
1250 3251 1324 3313 quae

319 3332 487 3417 Episcopis
509 3330 660 3396 omnibus
685 3329 866 3394 communis
888 3328 992 3413 primo
1020 3330 1093 3410 fuit,
1115 3332 1323 3414 postmodum

321 3438 380 3505 soli
396 3438 531 3502 Summo
546 3433 698 3499 Pontifici
715 3433 876 3518 adscripta
888 3432 1009 3516 legitur
1026 3433 1074 3499 ita
1088 3439 1121 3498 et
1134 3434 1323 3518 Apostolioi.

320 3542 456 3623 Gregor.
471 3539 521 3602 M.
536 3538 593 3602 lib.
609 3541 640 3600 5.
655 3537 717 3620 Ep.
733 3539 794 3601 37:
824 3538 900 3600 Cum
919 3537 1008 3600 multi
1022 3537 1086 3601 siat
1099 3538 1251 3620 Apostoli,
1260 3559 1324 3621 pro

320 3646 387 3725 ipso
407 3648 509 3705 tamea
523 3641 720 3720 Principale,
735 3639 802 3702 solo
821 3639 1041 3720 Apostolorum
1059 3641 1220 3722 Principis
1239 3643 1328 3707 sedes

319 3747 354 3808 io
373 3745 560 3808 auctoritaie
579 3743 743 3805 conualuit.
789 3743 954 3825 Rupertus
970 3742 1145 3808 'fuidensis
1159 3742 1215 3806 lib.
1237 3744 1266 3807 1.
1285 3743 1326 3809 de

321 3846 429 3910 Divin.
446 3846 538 3909 Offio.
560 3866 587 3909 c.
611 3847 667 3911 27:
685 3844 830 3907 Aliorum
844 3845 965 3926 quidem
978 3844 1196 3925 Apostolorum
1209 3864 1326 3920 moces-

323 3969 409 4015 sores
426 3949 624 4011 Potm'molsae
644 3953 716 4010 suat
739 3947 836 4010 dicti.-
860 3948 950 4010 Petri
971 3951 1074 4009 auten
1094 3965 1250 4008 succesum
1263 3968 1328 4028 pro

321 4053 502 4117 uccelleatio
539 4051 699 4133 Primcspis
734 4051 963 4132 Apostolorum,
999 4049 1196 4130 Apostolicus
1231 4051 1327 4113 nomi·

322 4155 454 4218 matur.”
470 4155 525 4217 W.
1191 4161 1193 4166 ’

365 4258 403 4322 Ρ.
428 4260 480 4335 10,
502 4257 523 4320 1.
547 4259 588 4320 13
607 4255 777 4340 promitto]
800 4261 823 4292 “
834 4252 930 4334 Sunt,
946 4253 1001 4338 qui
1020 4253 1124 4338 plenis
1141 4253 1250 4319 buccis
1273 4253 1328 4320 de-

322 4360 510 4444 praedicaut,
531 4359 710 4424 Ecclesiam
730 4361 911 4423 Romanam
932 4379 1002 4422 esse
1023 4363 1172 4422 centrum
1193 4357 1330 4422 unitatis

325 4469 358 4527 et
380 4469 492 4527 tamen
513 4462 596 4526 radii
618 4468 706 4542 sunt,
725 4461 861 4526 subinde
879 4485 899 4526 a
920 4467 1032 4526 centro
1054 4460 1095 4524 ad
1116 4460 1227 4525 circuli
1246 4461 1330 4545 peri·

326 4565 472 4648 pheriam
501 4566 681 4630 tendentes
728 4563 775 4629 Hi
803 4565 971 4648 praefatam
1001 4564 1076 4628 fidei
1100 4563 1330 4648 professionem
