3259 5467
616 738 767 782 lucrosa
784 737 1012 781 wvnurnanoo.
1252 721 1315 784 179

312 882 508 968 singularem
525 884 754 964 sanctimoniae,
770 905 807 948 ac
821 883 978 967 privatam
993 881 1196 948 assumente
1211 885 1313 949 conti-

312 988 496 1071 nentiaeque
519 988 650 1070 gerebat
668 987 779 1066 vitam,
794 987 927 1050 nomine
950 984 1079 1063 Haddo,
1098 987 1150 1051 oui
1165 987 1313 1070 privatim

304 1091 464 1174 ‚praefatus
490 1091 612 1154 Praesul
636 1089 806 1174 legationis
829 1089 927 1173 hujus
953 1089 1117 1168 nuntium,
1147 1091 1314 1175 sanctique

312 1193 452 1276 corporis
467 1193 696 1271 advectionem,
709 1214 783 1256 cum
797 1191 952 1255 fratribus
967 1213 1076 1256 secum
1087 1193 1314 1277 proficiscenti·

311 1297 383 1374 bus,
399 1297 571 1380 imposuit:
593 1302 632 1359 ut
652 1296 755 1379 major
769 1302 888 1360 sanctae
903 1294 1088 1360 reverentia
1108 1297 1173 1360 viro
1194 1296 1314 1361 devoti·

313 1400 384 1463 onis
406 1399 648 1482 impenderetur
668 1399 781 1477 honor,
796 1405 830 1463 et
845 1399 1058 1482 plurimorum
1073 1399 1212 1483 amplius
1224 1399 1315 1464 testi·

313 1501 420 1565 ficatio
431 1501 467 1564 in
475 1501 535 1579 his,
549 1523 620 1584 quae
631 1501 754 1579 auditu,
764 1502 814 1565 vel
828 1501 899 1565 visu
909 1501 1110 1584 perciperent
1120 1503 1314 1585 praevaleret.

315 1604 463 1687 Cumque
482 1603 685 1668 honorabiles
707 1611 776 1668 tam
796 1611 917 1667 sanctae
943 1604 1165 1668 consocietatis
1190 1606 1315 1684 fratres,

315 1707 356 1771 ad
370 1707 556 1790 praedictam
575 1708 690 1772 urbem
709 1705 923 1790 pervenirent,
939 1712 1019 1771 tunc
1039 1707 1158 1791 quippe
1171 1707 1315 1792 aliquan·

309 1811 385 1874 >tulo
404 1811 529 1875 obviam
547 1812 616 1894 ejus
635 1811 746 1894 populi
766 1817 836 1875 erat
855 1817 1051 1894 congregata
1073 1811 1227 1889 collectio,
1248 1812 1316 1896 ejus

314 1914 453 1997 denique
473 1914 562 1978 urbis
578 1914 730 1997 praesecti,
746 1913 792 1977 eis
812 1913 1030 1992 audientibus,
1046 1914 1316 1996 quemadmodum

316 2038 336 2080 a
355 2017 492 2099 glorioso
513 2018 603 2100 Rege
618 2017 755 2099 Pippino
771 2016 868 2080 exivit
883 2016 1036 2095 edictum,
1051 2015 1197 2081 intonuit
1215 2017 1316 2081 inter„

316 2121 457 2185 dictum:
480 2126 513 2184 et
528 2141 570 2183 ne
585 2120 661 2184 inde
679 2119 824 2203 praedicti
839 2118 1005 2185 Pontificis
1026 2140 1141 2203 corpus
1156 2140 1316 2184 amovere.

314 2231 379 2301 tur,
395 2222 553 2287 indictum
568 2229 627 2287 est.

360 2327 425 2390 Sed
448 2327 524 2409 quia
546 2326 777 2410 omnipotentis
798 2325 901 2409 magis
924 2346 1029 2409 quam·
1042 2324 1211 2389 hominum
1241 2347 1316 2391 con.

317 2430 446 2493 valescit
456 2429 623 2508 fortitudo,
632 2429 778 2494 mirabile
793 2428 904 2493 statim
919 2449 956 2493 ac
970 2430 1177 2494 memorabile
1192 2430 1317 2494 cunctis

314 2532 496 2596 astantibus
511 2532 656 2615 angelica
674 2532 778 2615 magis
793 2554 891 2616 quam
905 2531 1049 2596 humana
1061 2540 1227 2616 peractum
1242 2555 1316 2617 cog„

315 2635 440 2700 nitione
460 2636 608 2700 auditum
630 2641 679 2700 est
700 2635 903 2714 miraculum,
926 2635 1141 2720 Eoolesiaeque
1164 2637 1317 2715 cloccum,

314 2739 351 2802 in
381 2738 510 2822 signum
540 2738 741 2803 amovitionis
771 2738 876 2802 sancti
904 2739 1054 2822 corporis,
1077 2739 1222 2804 humana
1249 2761 1317 2805 non

315 2842 527 2923 contingente
541 2863 651 2921 manu,
663 2848 862 2906 commotum
877 2847 943 2906 est:
963 2841 1011 2906 ita
1024 2848 1062 2905 ut
1077 2864 1189 2916 omnes
1204 2863 1317 2927 repen-

314 2944 386 3008 tino
400 2944 525 3008 timoris
544 2966 660 3028 pavore
679 2944 822 3028 percussi
841 2944 981 3008 maximo
1000 2945 1116 3009 timore
1135 2946 1317 3028 obstupuis·

316 3055 408 3112 sent:
432 3054 465 3112 et
479 3048 560 3131 justi
579 3047 678 3131 hujus
697 3047 899 3112 reddendum
922 3068 990 3110 esse
1009 3067 1123 3131 corpus
1142 3048 1318 3131 proclama·

315 3158 399 3215 rent.
441 3152 557 3235 Sioque
573 3151 684 3215 statim
697 3150 862 3214 redditum
878 3155 927 3212 est
942 3169 1067 3231 corpus,
1078 3154 1111 3212 et
1125 3171 1145 3212 a
1158 3149 1318 3232 praedictis

316 3260 436 3318 sanctae
454 3253 683 3318 recordationis
706 3251 859 3316 fratribus
877 3273 951 3316 cum
973 3251 1104 3335 psalmis
1126 3251 1319 3336 hymnisque

316 3357 492 3422 honorifice
501 3357 655 3436 ablatum,
665 3378 702 3421 ac
712 3357 782 3421 sine
796 3355 1027 3439 remigantium
1037 3354 1146 3420 labore
1157 3354 1319 3418 tricesima

316 3461 424 3525 obitus
439 3460 489 3524 sui
509 3460 561 3524 die
579 3459 770 3544 perductum
793 3466 843 3522 est
860 3459 901 3522 ad
920 3457 1090 3537 civitatem¹
1102 3458 1319 3542 supradictam

317 3562 543 3646 Magantiam:
580 3563 725 3646 miraque
758 3562 822 3627 Dei
854 3561 1086 3645 omnipotentis
1119 3561 1319 3647 providentia

316 3666 439 3730 factum
454 3672 512 3744 est,
527 3671 566 3729 ut
586 3687 652 3729 uno
675 3665 920 3750 eodemquedie
940 3665 1009 3729 sine
1029 3671 1152 3730 statuto
1169 3665 1318 3748 praediffi-

317 3769 451 3834 nitionis
470 3775 614 3851 tempore
629 3775 698 3832 tam
712 3769 811 3851 legati
833 3775 982 3833 sanctum
998 3768 1178 3834 deferentes
1193 3790 1320 3852 corpuss

319 3895 416 3956 quam
440 3872 538 3936 etiam
568 3872 608 3936 de
636 3871 822 3956 longinquis
851 3872 946 3957 longe
975 3872 1104 3955 lateque
1133 3860 1320 3955 regionibus

317 3979 413 4042 multi
427 3979 568 4042 virorum
583 3999 620 4042 ao
634 3977 807 4041 mulierum
819 3977 963 4041 fidelium
978 3976 1019 4040 ad
1034 3976 1119 4041 tanti
1132 3976 1191 4040 viri
1206 3975 1319 4040 mortis

317 4081 471 4165 obsequia
504 4081 722 4145 convenerint.
784 4080 849 4144 Sed
882 4086 916 4145 et
950 4080 1151 4163 supradictus
1170 4076 1320 4142 ¹Domini

317 4185 465 4250 Antistes
479 4191 548 4248 tam
562 4184 752 4248 venerandae
770 4184 938 4268 dignitatis
953 4203 1126 4260 successor,
1139 4181 1196 4265 qui
1209 4181 1318 4264 regali,

317 4290 373 4352 illo
387 4296 542 4371 tempore,
557 4308 697 4370 praesens
717 4294 786 4351 erat
800 4287 936 4370 palatio:
959 4286 1058 4368 hujus
1077 4284 1214 4359 omnino
1228 4284 1320 4367 igna-

317 4415 373 4456 rus
389 4413 502 4471 causae,
518 4391 674 4454 adventus
689 4391 793 4454 sancti
808 4389 948 4474 corporis
962 4387 1092 4466 inscius,
1102 4387 1144 4451 ad
1158 4387 1319 4451 civitatem

319 4516 415 4577 quam
434 4493 648 4578 praediximus,
672 4493 770 4556 veluti
790 4492 850 4557 sub
870 4514 937 4556 uno
954 4491 1129 4574 eodemque
1145 4490 1233 4554 horae
1252 4511 1320 4554 mo·

316 4602 429 4661 mento
442 4596 597 4681 pervenit,
607 4603 762 4679 tantaque
778 4594 928 4660 omnibus
937 4593 1066 4659 aliunde
1075 4592 1320 4658 advenientibus
