<?xml version="1.0" encoding="UTF-8"?>
<!DOCTYPE html PUBLIC "-//W3C//DTD XHTML 1.0 Transitional//EN"
    "http://www.w3.org/TR/xhtml1/DTD/xhtml1-transitional.dtd">
<html xmlns="http://www.w3.org/1999/xhtml" xml:lang="en" lang="en">
 <head>
  <title>
</title>
<meta http-equiv="Content-Type" content="text/html;charset=utf-8" />
  <meta name='ocr-system' content='tesseract 3.04.00' />
  <meta name='ocr-capabilities' content='ocr_page ocr_carea ocr_par ocr_line ocrx_word'/>
</head>
<body>
  <div class='ocr_page' id='page_1' title='image "./operaquaeextant00bonigoog_0165.png"; bbox 0 0 3259 5467; ppageno 0'>
   <div class='ocr_carea' id='block_1_1' title="bbox 315 681 951 749">
    <p class='ocr_par' dir='ltr' id='par_1_1' title="bbox 315 681 951 749">
     <span class='ocr_line' id='line_1_1' title="bbox 315 681 951 749; baseline -0.006 -8"><span class='ocrx_word' id='word_1_1' title='bbox 315 681 377 749; x_wconf 79' lang='lat'>158</span> <span class='ocrx_word' id='word_1_2' title='bbox 674 695 754 737; x_wconf 75' lang='lat' dir='ltr'>vira</span> <span class='ocrx_word' id='word_1_3' title='bbox 771 696 951 741; x_wconf 79' lang='lat' dir='ltr'>nourracu</span> 
     </span>
    </p>
   </div>
   <div class='ocr_carea' id='block_1_2' title="bbox 312 835 1318 2261">
    <p class='ocr_par' dir='ltr' id='par_1_2' title="bbox 312 835 1318 2261">
     <span class='ocr_line' id='line_1_2' title="bbox 312 835 1312 922; baseline -0.002 -19"><span class='ocrx_word' id='word_1_4' title='bbox 312 860 427 916; x_wconf 82' lang='lat' dir='ltr'>norum</span> <span class='ocrx_word' id='word_1_5' title='bbox 456 837 568 919; x_wconf 76' lang='lat' dir='ltr'>lingua</span> <span class='ocrx_word' id='word_1_6' title='bbox 589 835 706 900; x_wconf 90' lang='lat' dir='ltr'>dicitur</span> <span class='ocrx_word' id='word_1_7' title='bbox 724 835 844 918; x_wconf 87' lang='lat' dir='ltr'>junior,</span> <span class='ocrx_word' id='word_1_8' title='bbox 867 856 1060 919; x_wconf 90' lang='lat' dir='ltr'>omnemque</span> <span class='ocrx_word' id='word_1_9' title='bbox 1090 837 1153 902; x_wconf 89' lang='lat' dir='ltr'>sibi</span> <span class='ocrx_word' id='word_1_10' title='bbox 1172 842 1240 922; x_wconf 83' lang='lat' dir='ltr'>&#39;per</span> <span class='ocrx_word' id='word_1_11' title='bbox 1267 852 1312 902; x_wconf 60' lang='lat' dir='ltr'>or*-</span> 
     </span>
     <span class='ocr_line' id='line_1_3' title="bbox 313 940 1312 1025; baseline -0.002 -17"><span class='ocrx_word' id='word_1_12' title='bbox 313 945 422 1008; x_wconf 91' lang='lat' dir='ltr'>dinem</span> <span class='ocrx_word' id='word_1_13' title='bbox 439 943 563 1007; x_wconf 86' lang='lat' dir='ltr'>itineris</span> <span class='ocrx_word' id='word_1_14' title='bbox 583 943 634 1005; x_wconf 91' lang='lat' dir='ltr'>sui</span> <span class='ocrx_word' id='word_1_15' title='bbox 652 948 752 1025; x_wconf 89' lang='lat' dir='ltr'>atque</span> <span class='ocrx_word' id='word_1_16' title='bbox 771 940 928 1006; x_wconf 85' lang='lat' dir='ltr'>adventus</span> <span class='ocrx_word' id='word_1_17' title='bbox 945 942 1147 1008; x_wconf 78' lang='lat' dir='ltr'><strong>occasionem</strong></span> <span class='ocrx_word' id='word_1_18' title='bbox 1169 943 1312 1007; x_wconf 82' lang='lat' dir='ltr'>manifes-</span> 
     </span>
     <span class='ocr_line' id='line_1_4' title="bbox 312 1043 1315 1130; baseline -0.001 -19"><span class='ocrx_word' id='word_1_19' title='bbox 312 1047 410 1111; x_wconf 88' lang='lat' dir='ltr'>tavit:</span> <span class='ocrx_word' id='word_1_20' title='bbox 434 1055 466 1109; x_wconf 90' lang='lat' dir='ltr'>et</span> <span class='ocrx_word' id='word_1_21' title='bbox 482 1045 567 1128; x_wconf 91' lang='lat' dir='ltr'>quali</span> <span class='ocrx_word' id='word_1_22' title='bbox 582 1044 696 1108; x_wconf 85' lang='lat' dir='ltr'>anxius</span> <span class='ocrx_word' id='word_1_23' title='bbox 722 1043 878 1109; x_wconf 87' lang='lat' dir='ltr'>desiderio</span> <span class='ocrx_word' id='word_1_24' title='bbox 894 1043 1015 1109; x_wconf 90' lang='lat' dir='ltr'>diutius</span> <span class='ocrx_word' id='word_1_25' title='bbox 1031 1045 1234 1126; x_wconf 80' lang='lat' dir='ltr'>desudasset,</span> <span class='ocrx_word' id='word_1_26' title='bbox 1250 1068 1315 1130; x_wconf 89' lang='lat' dir='ltr'>ape-</span> 
     </span>
     <span class='ocr_line' id='line_1_5' title="bbox 312 1147 1315 1231; baseline -0.002 -17"><span class='ocrx_word' id='word_1_27' title='bbox 312 1151 389 1214; x_wconf 88' lang='lat' dir='ltr'>ruit.</span> <span class='ocrx_word' id='word_1_28' title='bbox 436 1150 572 1212; x_wconf 68' lang='lat' dir='ltr'>Sanctam</span> <span class='ocrx_word' id='word_1_29' title='bbox 598 1147 707 1230; x_wconf 89' lang='lat' dir='ltr'>itaque</span> <span class='ocrx_word' id='word_1_30' title='bbox 733 1149 823 1231; x_wconf 87' lang='lat' dir='ltr'>Papa</span> <span class='ocrx_word' id='word_1_31' title='bbox 844 1156 980 1231; x_wconf 87' lang='lat' dir='ltr'>repente</span> <span class='ocrx_word' id='word_1_32' title='bbox 1000 1147 1095 1212; x_wconf 88' lang='lat' dir='ltr'>hilari</span> <span class='ocrx_word' id='word_1_33' title='bbox 1121 1150 1226 1228; x_wconf 88' lang='lat' dir='ltr'>vultu,</span> <span class='ocrx_word' id='word_1_34' title='bbox 1245 1149 1315 1212; x_wconf 88' lang='lat' dir='ltr'>arri-</span> 
     </span>
     <span class='ocr_line' id='line_1_6' title="bbox 313 1251 1318 1336; baseline -0.001 -19"><span class='ocrx_word' id='word_1_35' title='bbox 313 1253 527 1335; x_wconf 81' lang='lat' dir='ltr'>dentibusque</span> <span class='ocrx_word' id='word_1_36' title='bbox 560 1251 658 1316; x_wconf 90' lang='lat' dir='ltr'>oculis</span> <span class='ocrx_word' id='word_1_37' title='bbox 690 1251 830 1314; x_wconf 79' lang='lat' dir='ltr'>intuitus</span> <span class='ocrx_word' id='word_1_38' title='bbox 870 1251 905 1315; x_wconf 90' lang='lat' dir='ltr'>in</span> <span class='ocrx_word' id='word_1_39' title='bbox 940 1273 1034 1316; x_wconf 89' lang='lat' dir='ltr'>eum:</span> <span class='ocrx_word' id='word_1_40' title='bbox 1072 1252 1250 1336; x_wconf 83' lang='lat' dir='ltr'>inquisivit,</span> <span class='ocrx_word' id='word_1_41' title='bbox 1279 1275 1318 1316; x_wconf 86' lang='lat' dir='ltr'>an</span> 
     </span>
     <span class='ocr_line' id='line_1_7' title="bbox 314 1354 1318 1439; baseline -0.001 -19"><span class='ocrx_word' id='word_1_42' title='bbox 314 1357 437 1420; x_wconf 81' lang='lat' dir='ltr'>litteras</span> <span class='ocrx_word' id='word_1_43' title='bbox 453 1355 493 1419; x_wconf 89' lang='lat' dir='ltr'>ab</span> <span class='ocrx_word' id='word_1_44' title='bbox 509 1355 667 1439; x_wconf 85' lang='lat' dir='ltr'>Episcopo</span> <span class='ocrx_word' id='word_1_45' title='bbox 683 1376 740 1419; x_wconf 92' lang='lat' dir='ltr'>suo</span> <span class='ocrx_word' id='word_1_46' title='bbox 759 1354 1037 1419; x_wconf 82' lang='lat' dir='ltr'>commendatitias</span> <span class='ocrx_word' id='word_1_47' title='bbox 1050 1355 1232 1420; x_wconf 87' lang='lat' dir='ltr'>detulisset.</span> <span class='ocrx_word' id='word_1_48' title='bbox 1274 1357 1318 1419; x_wconf 90' lang='lat' dir='ltr'>At</span> 
     </span>
     <span class='ocr_line' id='line_1_8' title="bbox 313 1458 1318 1542; baseline -0.002 -18"><span class='ocrx_word' id='word_1_49' title='bbox 313 1460 368 1524; x_wconf 92' lang='lat' dir='ltr'>ille</span> <span class='ocrx_word' id='word_1_50' title='bbox 392 1460 490 1523; x_wconf 89' lang='lat' dir='ltr'>etiam</span> <span class='ocrx_word' id='word_1_51' title='bbox 516 1458 670 1536; x_wconf 87' lang='lat' dir='ltr'>concitus,</span> <span class='ocrx_word' id='word_1_52' title='bbox 692 1466 842 1541; x_wconf 78' lang='lat' dir='ltr'>exempto</span> <span class='ocrx_word' id='word_1_53' title='bbox 865 1458 971 1542; x_wconf 90' lang='lat' dir='ltr'>pallio,</span> <span class='ocrx_word' id='word_1_54' title='bbox 995 1458 1142 1523; x_wconf 86' lang='lat' dir='ltr'>chartam</span> <span class='ocrx_word' id='word_1_55' title='bbox 1165 1480 1204 1523; x_wconf 85' lang='lat' dir='ltr'>ex</span> <span class='ocrx_word' id='word_1_56' title='bbox 1226 1464 1318 1523; x_wconf 86' lang='lat' dir='ltr'>&#39;more</span> 
     </span>
     <span class='ocr_line' id='line_1_9' title="bbox 314 1560 1318 1645; baseline 0.001 -20"><span class='ocrx_word' id='word_1_57' title='bbox 314 1563 500 1637; x_wconf 88' lang='lat' dir='ltr'>involutam,</span> <span class='ocrx_word' id='word_1_58' title='bbox 512 1562 698 1644; x_wconf 85' lang='lat' dir='ltr'>litterasque</span> <span class='ocrx_word' id='word_1_59' title='bbox 707 1560 860 1644; x_wconf 88' lang='lat' dir='ltr'>protulit:</span> <span class='ocrx_word' id='word_1_60' title='bbox 883 1561 1036 1645; x_wconf 82' lang='lat' dir='ltr'>deditque</span> <span class='ocrx_word' id='word_1_61' title='bbox 1046 1560 1188 1625; x_wconf 87' lang='lat' dir='ltr'>mirabili</span> <span class='ocrx_word' id='word_1_62' title='bbox 1201 1569 1318 1626; x_wconf 77' lang='lat' dir='ltr'>sancte</span> 
     </span>
     <span class='ocr_line' id='line_1_10' title="bbox 314 1662 1318 1746; baseline -0.003 -17"><span class='ocrx_word' id='word_1_63' title='bbox 314 1664 542 1729; x_wconf 88' lang='lat' dir='ltr'>recordationis</span> <span class='ocrx_word' id='word_1_64' title='bbox 560 1662 637 1726; x_wconf 73' lang='lat' dir='ltr'>vira·</span> <span class='ocrx_word' id='word_1_65' title='bbox 682 1662 748 1728; x_wconf 77' lang='lat' dir='ltr'>Qui</span> <span class='ocrx_word' id='word_1_66' title='bbox 769 1662 891 1740; x_wconf 79' lang='lat' dir='ltr'>statim,</span> <span class='ocrx_word' id='word_1_67' title='bbox 906 1663 1045 1746; x_wconf 87' lang='lat' dir='ltr'>acceptis</span> <span class='ocrx_word' id='word_1_68' title='bbox 1061 1663 1189 1742; x_wconf 87' lang='lat' dir='ltr'>litteris,</span> <span class='ocrx_word' id='word_1_69' title='bbox 1205 1664 1318 1727; x_wconf 87' lang='lat' dir='ltr'>annuit</span> 
     </span>
     <span class='ocr_line' id='line_1_11' title="bbox 315 1765 1318 1849; baseline -0.004 -17"><span class='ocrx_word' id='word_1_70' title='bbox 315 1767 345 1832; x_wconf 92' lang='lat' dir='ltr'>ei</span> <span class='ocrx_word' id='word_1_71' title='bbox 365 1775 404 1832; x_wconf 91' lang='lat' dir='ltr'>ut</span> <span class='ocrx_word' id='word_1_72' title='bbox 426 1767 539 1831; x_wconf 88' lang='lat' dir='ltr'>abiret.</span> <span class='ocrx_word' id='word_1_73' title='bbox 583 1766 788 1849; x_wconf 79' lang='lat' dir='ltr'>Apostolicus</span> <span class='ocrx_word' id='word_1_74' title='bbox 813 1786 888 1830; x_wconf 91' lang='lat' dir='ltr'>vero</span> <span class='ocrx_word' id='word_1_75' title='bbox 910 1765 999 1849; x_wconf 87' lang='lat' dir='ltr'>Papa</span> <span class='ocrx_word' id='word_1_76' title='bbox 1027 1765 1178 1849; x_wconf 86' lang='lat' dir='ltr'>perlectis</span> <span class='ocrx_word' id='word_1_77' title='bbox 1206 1765 1318 1831; x_wconf 90' lang='lat' dir='ltr'>litteris</span> 
     </span>
     <span class='ocr_line' id='line_1_12' title="bbox 315 1867 1318 1951; baseline -0.001 -17"><span class='ocrx_word' id='word_1_78' title='bbox 315 1877 349 1934; x_wconf 93' lang='lat' dir='ltr'>et</span> <span class='ocrx_word' id='word_1_79' title='bbox 369 1870 527 1938; x_wconf 88' lang='lat' dir='ltr'>recensita</span> <span class='ocrx_word' id='word_1_80' title='bbox 552 1867 823 1932; x_wconf 87' lang='lat' dir='ltr'>commendatitiae</span> <span class='ocrx_word' id='word_1_81' title='bbox 851 1867 1096 1951; x_wconf 87' lang='lat' dir='ltr'>conscriptionis</span> <span class='ocrx_word' id='word_1_82' title='bbox 1124 1869 1250 1948; x_wconf 86' lang='lat' dir='ltr'>charta,</span> <span class='ocrx_word' id='word_1_83' title='bbox 1273 1891 1318 1932; x_wconf 85' lang='lat' dir='ltr'>se·</span> 
     </span>
     <span class='ocr_line' id='line_1_13' title="bbox 315 1968 1318 2054; baseline -0.002 -18"><span class='ocrx_word' id='word_1_84' title='bbox 315 1973 428 2036; x_wconf 93' lang='lat' dir='ltr'>dulum</span> <span class='ocrx_word' id='word_1_85' title='bbox 438 1971 585 2053; x_wconf 88' lang='lat' dir='ltr'>deinceps</span> <span class='ocrx_word' id='word_1_86' title='bbox 595 1992 669 2033; x_wconf 89' lang='lat' dir='ltr'>cum</span> <span class='ocrx_word' id='word_1_87' title='bbox 681 1991 718 2033; x_wconf 93' lang='lat' dir='ltr'>eo</span> <span class='ocrx_word' id='word_1_88' title='bbox 733 1968 873 2033; x_wconf 89' lang='lat' dir='ltr'>habebat</span> <span class='ocrx_word' id='word_1_89' title='bbox 889 1970 1084 2053; x_wconf 73' lang='lat' dir='ltr'>quotidianae</span> <span class='ocrx_word' id='word_1_90' title='bbox 1094 1970 1318 2054; x_wconf 82' lang='lat' dir='ltr'>disputationis</span> 
     </span>
     <span class='ocr_line' id='line_1_14' title="bbox 316 2072 1318 2157; baseline -0.002 -19"><span class='ocrx_word' id='word_1_91' title='bbox 316 2073 519 2157; x_wconf 87' lang='lat' dir='ltr'>colloquium,</span> <span class='ocrx_word' id='word_1_92' title='bbox 532 2072 633 2137; x_wconf 91' lang='lat' dir='ltr'>donec</span> <span class='ocrx_word' id='word_1_93' title='bbox 641 2072 862 2155; x_wconf 89' lang='lat' dir='ltr'>proficiscendi</span> <span class='ocrx_word' id='word_1_94' title='bbox 875 2073 1095 2156; x_wconf 88' lang='lat' dir='ltr'>redeundique</span> <span class='ocrx_word' id='word_1_95' title='bbox 1110 2075 1259 2139; x_wconf 81' lang='lat' dir='ltr'>aestivum</span> <span class='ocrx_word' id='word_1_96' title='bbox 1273 2075 1318 2137; x_wconf 73' lang='lat' dir='ltr'>in=</span> 
     </span>
     <span class='ocr_line' id='line_1_15' title="bbox 317 2185 567 2261; baseline 0.004 -21"><span class='ocrx_word' id='word_1_97' title='bbox 317 2186 416 2242; x_wconf 88' lang='lat' dir='ltr'>staret</span> <span class='ocrx_word' id='word_1_98' title='bbox 431 2185 567 2261; x_wconf 84' lang='lat' dir='ltr'>tempus.</span> 
     </span>
    </p>
   </div>
   <div class='ocr_carea' id='block_1_3' title="bbox 317 2498 1318 2789">
    <p class='ocr_par' dir='ltr' id='par_1_3' title="bbox 317 2498 1318 2789">
     <span class='ocr_line' id='line_1_16' title="bbox 317 2498 1318 2581; baseline 0.001 -18"><span class='ocrx_word' id='word_1_99' title='bbox 317 2500 431 2564; x_wconf 76' lang='lat' dir='ltr'>Carur</span> <span class='ocrx_word' id='word_1_100' title='bbox 454 2498 514 2561; x_wconf 89' lang='lat' dir='ltr'>VI.</span> <span class='ocrx_word' id='word_1_101' title='bbox 558 2499 607 2559; x_wconf 90' lang='lat' dir='ltr'>De</span> <span class='ocrx_word' id='word_1_102' title='bbox 625 2499 689 2579; x_wconf 81' lang='lat' dir='ltr'>ejas</span> <span class='ocrx_word' id='word_1_103' title='bbox 704 2499 806 2561; x_wconf 79' lang='lat' dir='ltr'>reditu</span> <span class='ocrx_word' id='word_1_104' title='bbox 827 2519 868 2562; x_wconf 78' lang='lat' dir='ltr'>aa</span> <span class='ocrx_word' id='word_1_105' title='bbox 880 2498 990 2577; x_wconf 83' lang='lat' dir='ltr'>Romo,</span> <span class='ocrx_word' id='word_1_106' title='bbox 1006 2498 1153 2562; x_wconf 68' lang='lat' dir='ltr'>maduo</span> <span class='ocrx_word' id='word_1_107' title='bbox 1169 2501 1274 2581; x_wconf 77' lang='lat' dir='ltr'>Papo,</span> <span class='ocrx_word' id='word_1_108' title='bbox 1289 2507 1318 2564; x_wconf 86' lang='lat' dir='ltr'>et</span> 
     </span>
     <span class='ocr_line' id='line_1_17' title="bbox 360 2601 1318 2684; baseline 0.003 -21"><span class='ocrx_word' id='word_1_109' title='bbox 360 2603 436 2684; x_wconf 77' lang='lat' dir='ltr'>quid</span> <span class='ocrx_word' id='word_1_110' title='bbox 462 2603 496 2663; x_wconf 79' lang='lat' dir='ltr'>ia</span> <span class='ocrx_word' id='word_1_111' title='bbox 528 2601 707 2682; x_wconf 60' lang='lat' dir='ltr'>menapia,</span> <span class='ocrx_word' id='word_1_112' title='bbox 742 2603 889 2680; x_wconf 60' lang='lat' dir='ltr'>Blanda,</span> <span class='ocrx_word' id='word_1_113' title='bbox 919 2608 949 2665; x_wconf 83' lang='lat' dir='ltr'>et</span> <span class='ocrx_word' id='word_1_114' title='bbox 985 2603 1096 2665; x_wconf 82' lang='lat' dir='ltr'>Fresio</span> <span class='ocrx_word' id='word_1_115' title='bbox 1119 2603 1318 2684; x_wconf 74' lang='lat' dir='ltr'>predicando</span> 
     </span>
     <span class='ocr_line' id='line_1_18' title="bbox 360 2704 1283 2789; baseline -0.004 -21"><span class='ocrx_word' id='word_1_116' title='bbox 360 2705 503 2788; x_wconf 74' lang='lat' dir='ltr'>effecerit,</span> <span class='ocrx_word' id='word_1_117' title='bbox 519 2710 549 2766; x_wconf 82' lang='lat' dir='ltr'>et</span> <span class='ocrx_word' id='word_1_118' title='bbox 564 2704 602 2766; x_wconf 86' lang='lat' dir='ltr'>de</span> <span class='ocrx_word' id='word_1_119' title='bbox 612 2707 709 2786; x_wconf 74' lang='lat' dir='ltr'>pestis</span> <span class='ocrx_word' id='word_1_120' title='bbox 724 2725 792 2768; x_wconf 82' lang='lat' dir='ltr'>cum</span> <span class='ocrx_word' id='word_1_121' title='bbox 811 2705 1011 2769; x_wconf 70' lang='lat' dir='ltr'>Willibrordo</span> <span class='ocrx_word' id='word_1_122' title='bbox 1024 2706 1283 2789; x_wconf 76' lang='lat' dir='ltr'>Arctiepr’scopo..</span> 
     </span>
    </p>
   </div>
   <div class='ocr_carea' id='block_1_4' title="bbox 316 2907 1351 4646">
    <p class='ocr_par' dir='ltr' id='par_1_4' title="bbox 316 2907 1351 4646">
     <span class='ocr_line' id='line_1_19' title="bbox 361 2907 1316 2994; baseline 0.003 -22"><span class='ocrx_word' id='word_1_123' title='bbox 361 2909 441 2972; x_wconf 80' lang='lat' dir='ltr'>Con</span> <span class='ocrx_word' id='word_1_124' title='bbox 459 2930 534 2972; x_wconf 85' lang='lat' dir='ltr'>vero</span> <span class='ocrx_word' id='word_1_125' title='bbox 551 2907 657 2970; x_wconf 89' lang='lat' dir='ltr'>Nisan</span> <span class='ocrx_word' id='word_1_126' title='bbox 683 2908 812 2986; x_wconf 89' lang='lat' dir='ltr'>mensis,</span> <span class='ocrx_word' id='word_1_127' title='bbox 823 2908 889 2991; x_wconf 92' lang='lat' dir='ltr'>qui</span> <span class='ocrx_word' id='word_1_128' title='bbox 911 2915 961 2972; x_wconf 90' lang='lat' dir='ltr'>est</span> <span class='ocrx_word' id='word_1_129' title='bbox 979 2908 1110 2992; x_wconf 84' lang='lat' dir='ltr'>Aprilis,</span> <span class='ocrx_word' id='word_1_130' title='bbox 1130 2911 1316 2994; x_wconf 72' lang='lat' dir='ltr'>praeteriret,</span> 
     </span>
     <span class='ocr_line' id='line_1_20' title="bbox 318 3010 1319 3095; baseline 0.002 -19"><span class='ocrx_word' id='word_1_131' title='bbox 318 3018 351 3076; x_wconf 88' lang='lat' dir='ltr'>et</span> <span class='ocrx_word' id='word_1_132' title='bbox 375 3013 453 3091; x_wconf 88' lang='lat' dir='ltr'>Jari,</span> <span class='ocrx_word' id='word_1_133' title='bbox 478 3012 533 3095; x_wconf 92' lang='lat' dir='ltr'>qui</span> <span class='ocrx_word' id='word_1_134' title='bbox 559 3018 609 3074; x_wconf 90' lang='lat' dir='ltr'>est</span> <span class='ocrx_word' id='word_1_135' title='bbox 632 3010 753 3089; x_wconf 88' lang='lat' dir='ltr'>Maius,</span> <span class='ocrx_word' id='word_1_136' title='bbox 780 3011 850 3093; x_wconf 89' lang='lat' dir='ltr'>jam</span> <span class='ocrx_word' id='word_1_137' title='bbox 879 3017 981 3094; x_wconf 84' lang='lat' dir='ltr'>portae</span> <span class='ocrx_word' id='word_1_138' title='bbox 1001 3019 1214 3095; x_wconf 87' lang='lat' dir='ltr'>patescerent,</span> <span class='ocrx_word' id='word_1_139' title='bbox 1244 3020 1319 3078; x_wconf 90' lang='lat' dir='ltr'>tunc</span> 
     </span>
     <span class='ocr_line' id='line_1_21' title="bbox 316 3113 1318 3199; baseline 0.001 -19"><span class='ocrx_word' id='word_1_140' title='bbox 316 3116 415 3180; x_wconf 90' lang='lat' dir='ltr'>etiam</span> <span class='ocrx_word' id='word_1_141' title='bbox 437 3115 598 3199; x_wconf 88' lang='lat' dir='ltr'>postulata</span> <span class='ocrx_word' id='word_1_142' title='bbox 620 3121 717 3197; x_wconf 89' lang='lat' dir='ltr'>atque</span> <span class='ocrx_word' id='word_1_143' title='bbox 739 3119 871 3196; x_wconf 89' lang='lat' dir='ltr'>accepta</span> <span class='ocrx_word' id='word_1_144' title='bbox 891 3113 1085 3196; x_wconf 87' lang='lat' dir='ltr'>Apostolicae</span> <span class='ocrx_word' id='word_1_145' title='bbox 1114 3116 1200 3181; x_wconf 88' lang='lat' dir='ltr'>sedis</span> <span class='ocrx_word' id='word_1_146' title='bbox 1225 3116 1318 3181; x_wconf 86' lang='lat' dir='ltr'>bene·</span> 
     </span>
     <span class='ocr_line' id='line_1_22' title="bbox 318 3216 1318 3305; baseline 0.001 -22"><span class='ocrx_word' id='word_1_147' title='bbox 318 3220 458 3283; x_wconf 88' lang='lat' dir='ltr'>dictione</span> <span class='ocrx_word' id='word_1_148' title='bbox 481 3224 514 3282; x_wconf 90' lang='lat' dir='ltr'>et</span> <span class='ocrx_word' id='word_1_149' title='bbox 536 3218 662 3295; x_wconf 87' lang='lat' dir='ltr'>litteris,</span> <span class='ocrx_word' id='word_1_150' title='bbox 686 3239 705 3280; x_wconf 90' lang='lat' dir='ltr'>a</span> <span class='ocrx_word' id='word_1_151' title='bbox 725 3216 911 3281; x_wconf 84' lang='lat' dir='ltr'>beatissimo</span> <span class='ocrx_word' id='word_1_152' title='bbox 933 3217 1023 3300; x_wconf 88' lang='lat' dir='ltr'>Papa</span> <span class='ocrx_word' id='word_1_153' title='bbox 1043 3217 1087 3281; x_wconf 85' lang='lat' dir='ltr'>ed</span> <span class='ocrx_word' id='word_1_154' title='bbox 1104 3219 1318 3305; x_wconf 87' lang='lat' dir='ltr'>inspiciendos</span> 
     </span>
     <span class='ocr_line' id='line_1_23' title="bbox 317 3320 1317 3404; baseline 0 -17"><span class='ocrx_word' id='word_1_155' title='bbox 317 3323 564 3387; x_wconf 87' lang='lat' dir='ltr'>immanissimos</span> <span class='ocrx_word' id='word_1_156' title='bbox 588 3320 770 3385; x_wconf 83' lang='lat' dir='ltr'>Germaniae</span> <span class='ocrx_word' id='word_1_157' title='bbox 790 3322 925 3404; x_wconf 87' lang='lat' dir='ltr'>populos</span> <span class='ocrx_word' id='word_1_158' title='bbox 948 3321 1089 3385; x_wconf 83' lang='lat' dir='ltr'>directus</span> <span class='ocrx_word' id='word_1_159' title='bbox 1118 3330 1187 3388; x_wconf 88' lang='lat' dir='ltr'>est:</span> <span class='ocrx_word' id='word_1_160' title='bbox 1214 3331 1253 3389; x_wconf 88' lang='lat' dir='ltr'>ut</span> <span class='ocrx_word' id='word_1_161' title='bbox 1277 3345 1317 3387; x_wconf 86' lang='lat' dir='ltr'>an</span> 
     </span>
     <span class='ocr_line' id='line_1_24' title="bbox 317 3425 1315 3512; baseline 0.001 -23"><span class='ocrx_word' id='word_1_162' title='bbox 317 3426 441 3489; x_wconf 90' lang='lat' dir='ltr'>inculta</span> <span class='ocrx_word' id='word_1_163' title='bbox 459 3425 602 3489; x_wconf 89' lang='lat' dir='ltr'>cordium</span> <span class='ocrx_word' id='word_1_164' title='bbox 624 3445 698 3487; x_wconf 87' lang='lat' dir='ltr'>arva</span> <span class='ocrx_word' id='word_1_165' title='bbox 719 3425 915 3507; x_wconf 86' lang='lat' dir='ltr'>Evangelico</span> <span class='ocrx_word' id='word_1_166' title='bbox 936 3433 1028 3488; x_wconf 87' lang='lat' dir='ltr'>erata</span> <span class='ocrx_word' id='word_1_167' title='bbox 1047 3445 1186 3506; x_wconf 86' lang='lat' dir='ltr'>vomere,</span> <span class='ocrx_word' id='word_1_168' title='bbox 1207 3428 1315 3512; x_wconf 70' lang='lat' dir='ltr'>praedi</span> 
     </span>
     <span class='ocr_line' id='line_1_25' title="bbox 318 3528 1316 3611; baseline 0.003 -19"><span class='ocrx_word' id='word_1_169' title='bbox 318 3529 452 3592; x_wconf 88' lang='lat' dir='ltr'>cationis</span> <span class='ocrx_word' id='word_1_170' title='bbox 482 3548 591 3591; x_wconf 75' lang='lat' dir='ltr'>semen</span> <span class='ocrx_word' id='word_1_171' title='bbox 619 3529 760 3611; x_wconf 87' lang='lat' dir='ltr'>recipere</span> <span class='ocrx_word' id='word_1_172' title='bbox 788 3529 975 3607; x_wconf 85' lang='lat' dir='ltr'>voluissent,</span> <span class='ocrx_word' id='word_1_173' title='bbox 998 3528 1228 3595; x_wconf 85' lang='lat' dir='ltr'>consideraret.</span> <span class='ocrx_word' id='word_1_174' title='bbox 1270 3532 1316 3595; x_wconf 83' lang='lat' dir='ltr'>Ac</span> 
     </span>
     <span class='ocr_line' id='line_1_26' title="bbox 319 3630 1316 3714; baseline 0.004 -20"><span class='ocrx_word' id='word_1_175' title='bbox 319 3632 363 3694; x_wconf 88' lang='lat' dir='ltr'>sic</span> <span class='ocrx_word' id='word_1_176' title='bbox 378 3631 537 3714; x_wconf 84' lang='lat' dir='ltr'>extemplo</span> <span class='ocrx_word' id='word_1_177' title='bbox 552 3630 684 3694; x_wconf 89' lang='lat' dir='ltr'>collecta</span> <span class='ocrx_word' id='word_1_178' title='bbox 693 3653 864 3696; x_wconf 86' lang='lat' dir='ltr'>numerosa</span> <span class='ocrx_word' id='word_1_179' title='bbox 878 3633 1087 3714; x_wconf 86' lang='lat' dir='ltr'>reliquiarum</span> <span class='ocrx_word' id='word_1_180' title='bbox 1097 3633 1316 3712; x_wconf 90' lang='lat' dir='ltr'>multitudine,</span> 
     </span>
     <span class='ocr_line' id='line_1_27' title="bbox 317 3735 1318 3818; baseline 0.003 -21"><span class='ocrx_word' id='word_1_181' title='bbox 317 3736 479 3818; x_wconf 85' lang='lat' dir='ltr'>reciproco</span> <span class='ocrx_word' id='word_1_182' title='bbox 497 3755 628 3797; x_wconf 90' lang='lat' dir='ltr'>suorum</span> <span class='ocrx_word' id='word_1_183' title='bbox 645 3735 754 3798; x_wconf 87' lang='lat' dir='ltr'>reditu</span> <span class='ocrx_word' id='word_1_184' title='bbox 773 3756 1000 3800; x_wconf 81' lang='lat' dir='ltr'>conservorum</span> <span class='ocrx_word' id='word_1_185' title='bbox 1014 3736 1120 3800; x_wconf 84' lang='lat' dir='ltr'>Italiae</span> <span class='ocrx_word' id='word_1_186' title='bbox 1137 3737 1221 3801; x_wconf 82' lang='lat' dir='ltr'>fines</span> <span class='ocrx_word' id='word_1_187' title='bbox 1234 3736 1318 3814; x_wconf 81' lang='lat' dir='ltr'>adiit,</span> 
     </span>
     <span class='ocr_line' id='line_1_28' title="bbox 319 3837 1318 3922; baseline 0 -20"><span class='ocrx_word' id='word_1_188' title='bbox 319 3837 539 3921; x_wconf 90' lang='lat' dir='ltr'>optimumque</span> <span class='ocrx_word' id='word_1_189' title='bbox 581 3837 869 3920; x_wconf 78' lang='lat' dir='ltr'>longobardorum</span> <span class='ocrx_word' id='word_1_190' title='bbox 911 3839 1035 3922; x_wconf 81' lang='lat' dir='ltr'>Regem</span> <span class='ocrx_word' id='word_1_191' title='bbox 1071 3838 1318 3921; x_wconf 83' lang='lat' dir='ltr'>Liutbrandum,</span> 
     </span>
     <span class='ocr_line' id='line_1_29' title="bbox 320 3941 1351 4025; baseline 0 -21"><span class='ocrx_word' id='word_1_192' title='bbox 320 3941 458 4025; x_wconf 89' lang='lat' dir='ltr'>pacificis</span> <span class='ocrx_word' id='word_1_193' title='bbox 473 3942 649 4005; x_wconf 88' lang='lat' dir='ltr'>salutatum</span> <span class='ocrx_word' id='word_1_194' title='bbox 663 3941 853 4005; x_wconf 88' lang='lat' dir='ltr'>muneribus</span> <span class='ocrx_word' id='word_1_195' title='bbox 873 3941 1083 4025; x_wconf 81' lang='lat' dir='ltr'>compellavit,</span> <span class='ocrx_word' id='word_1_196' title='bbox 1099 3950 1134 4006; x_wconf 91' lang='lat' dir='ltr'>et</span> <span class='ocrx_word' id='word_1_197' title='bbox 1148 3942 1318 4007; x_wconf 83' lang='lat' dir='ltr'>honorifice</span> <span class='ocrx_word' id='word_1_198' title='bbox 1347 3942 1351 3954; x_wconf 90' lang='lat'><em>&#39;</em></span> 
     </span>
     <span class='ocr_line' id='line_1_30' title="bbox 320 4043 1318 4128; baseline 0.001 -21"><span class='ocrx_word' id='word_1_199' title='bbox 320 4044 361 4108; x_wconf 92' lang='lat' dir='ltr'>ab</span> <span class='ocrx_word' id='word_1_200' title='bbox 381 4065 418 4107; x_wconf 93' lang='lat' dir='ltr'>eo</span> <span class='ocrx_word' id='word_1_201' title='bbox 434 4051 607 4127; x_wconf 87' lang='lat' dir='ltr'>susceptus,</span> <span class='ocrx_word' id='word_1_202' title='bbox 623 4044 741 4107; x_wconf 87' lang='lat' dir='ltr'>lassata</span> <span class='ocrx_word' id='word_1_203' title='bbox 763 4065 802 4107; x_wconf 84' lang='lat' dir='ltr'>ex</span> <span class='ocrx_word' id='word_1_204' title='bbox 821 4044 938 4108; x_wconf 91' lang='lat' dir='ltr'>itinere</span> <span class='ocrx_word' id='word_1_205' title='bbox 960 4044 1106 4108; x_wconf 87' lang='lat' dir='ltr'>membra</span> <span class='ocrx_word' id='word_1_206' title='bbox 1119 4043 1318 4128; x_wconf 85' lang='lat' dir='ltr'>repausabat,</span> 
     </span>
     <span class='ocr_line' id='line_1_31' title="bbox 319 4147 1318 4232; baseline -0.003 -21"><span class='ocrx_word' id='word_1_207' title='bbox 319 4169 356 4212; x_wconf 91' lang='lat' dir='ltr'>ac</span> <span class='ocrx_word' id='word_1_208' title='bbox 372 4147 416 4210; x_wconf 90' lang='lat' dir='ltr'>sic</span> <span class='ocrx_word' id='word_1_209' title='bbox 436 4154 670 4224; x_wconf 85' lang='lat' dir='ltr'>remuneratus,</span> <span class='ocrx_word' id='word_1_210' title='bbox 687 4148 787 4210; x_wconf 87' lang='lat' dir='ltr'>ardua</span> <span class='ocrx_word' id='word_1_211' title='bbox 802 4168 839 4210; x_wconf 86' lang='lat' dir='ltr'>ac</span> <span class='ocrx_word' id='word_1_212' title='bbox 857 4148 954 4232; x_wconf 88' lang='lat' dir='ltr'>plana</span> <span class='ocrx_word' id='word_1_213' title='bbox 972 4169 1125 4231; x_wconf 86' lang='lat' dir='ltr'>agrorum</span> <span class='ocrx_word' id='word_1_214' title='bbox 1147 4167 1318 4232; x_wconf 84' lang='lat' dir='ltr'>peragrans</span> 
     </span>
     <span class='ocr_line' id='line_1_32' title="bbox 319 4249 1318 4335; baseline -0.001 -21"><span class='ocrx_word' id='word_1_215' title='bbox 319 4250 440 4334; x_wconf 86' lang='lat' dir='ltr'>spatia:</span> <span class='ocrx_word' id='word_1_216' title='bbox 463 4255 625 4331; x_wconf 81' lang='lat' dir='ltr'>praerupta</span> <span class='ocrx_word' id='word_1_217' title='bbox 644 4249 775 4332; x_wconf 87' lang='lat' dir='ltr'>Alpium</span> <span class='ocrx_word' id='word_1_218' title='bbox 792 4251 874 4334; x_wconf 85' lang='lat' dir='ltr'>juga</span> <span class='ocrx_word' id='word_1_219' title='bbox 895 4250 1106 4329; x_wconf 88' lang='lat' dir='ltr'>transcendit,</span> <span class='ocrx_word' id='word_1_220' title='bbox 1125 4250 1318 4335; x_wconf 86' lang='lat' dir='ltr'>incognitos·</span> 
     </span>
     <span class='ocr_line' id='line_1_33' title="bbox 320 4352 1318 4438; baseline 0.003 -23"><span class='ocrx_word' id='word_1_221' title='bbox 320 4373 381 4436; x_wconf 90' lang='lat' dir='ltr'>que</span> <span class='ocrx_word' id='word_1_222' title='bbox 394 4352 635 4434; x_wconf 87' lang='lat' dir='ltr'>Bagoariorum,</span> <span class='ocrx_word' id='word_1_223' title='bbox 649 4359 681 4414; x_wconf 92' lang='lat' dir='ltr'>et</span> <span class='ocrx_word' id='word_1_224' title='bbox 691 4353 832 4417; x_wconf 90' lang='lat' dir='ltr'>confines</span> <span class='ocrx_word' id='word_1_225' title='bbox 849 4355 1032 4417; x_wconf 85' lang='lat' dir='ltr'>Germaniae</span> <span class='ocrx_word' id='word_1_226' title='bbox 1043 4353 1201 4418; x_wconf 87' lang='lat' dir='ltr'>terminos</span> <span class='ocrx_word' id='word_1_227' title='bbox 1212 4373 1318 4438; x_wconf 81' lang='lat' dir='ltr'>aggre-</span> 
     </span>
     <span class='ocr_line' id='line_1_34' title="bbox 320 4455 1319 4541; baseline -0.001 -22"><span class='ocrx_word' id='word_1_228' title='bbox 320 4456 420 4534; x_wconf 88' lang='lat' dir='ltr'>diens,</span> <span class='ocrx_word' id='word_1_229' title='bbox 432 4455 467 4518; x_wconf 94' lang='lat' dir='ltr'>in</span> <span class='ocrx_word' id='word_1_230' title='bbox 483 4455 704 4537; x_wconf 82' lang='lat' dir='ltr'>Thuringiam,</span> <span class='ocrx_word' id='word_1_231' title='bbox 711 4455 805 4537; x_wconf 85' lang='lat' dir='ltr'>juxta</span> <span class='ocrx_word' id='word_1_232' title='bbox 819 4457 1010 4521; x_wconf 89' lang='lat' dir='ltr'>mandatum</span> <span class='ocrx_word' id='word_1_233' title='bbox 1020 4457 1216 4541; x_wconf 84' lang='lat' dir='ltr'>Apostolicae</span> <span class='ocrx_word' id='word_1_234' title='bbox 1231 4457 1319 4532; x_wconf 89' lang='lat' dir='ltr'>sedis,</span> 
     </span>
     <span class='ocr_line' id='line_1_35' title="bbox 320 4559 1319 4646; baseline 0.001 -24"><span class='ocrx_word' id='word_1_235' title='bbox 320 4559 549 4622; x_wconf 85' lang='lat' dir='ltr'>considerando</span> <span class='ocrx_word' id='word_1_236' title='bbox 567 4580 753 4641; x_wconf 85' lang='lat' dir='ltr'>progressus</span> <span class='ocrx_word' id='word_1_237' title='bbox 773 4567 832 4640; x_wconf 89' lang='lat' dir='ltr'>est,</span> <span class='ocrx_word' id='word_1_238' title='bbox 849 4563 890 4626; x_wconf 86' lang='lat' dir='ltr'>ad</span> <span class='ocrx_word' id='word_1_239' title='bbox 904 4563 1007 4625; x_wconf 87' lang='lat' dir='ltr'>instar</span> <span class='ocrx_word' id='word_1_240' title='bbox 1021 4560 1169 4643; x_wconf 84' lang='lat' dir='ltr'>videlicet</span> <span class='ocrx_word' id='word_1_241' title='bbox 1182 4560 1319 4646; x_wconf 72' lang='lat' dir='ltr'>pruden.</span> 
     </span>
    </p>
   </div>
   <div class='ocr_carea' id='block_1_5' title="bbox 0 0 1643 5467">
    <p class='ocr_par' dir='ltr' id='par_1_5' title="bbox 0 0 1643 5467">
     <span class='ocr_line' id='line_1_36' title="bbox 0 0 1643 5467; baseline 0 0"><span class='ocrx_word' id='word_1_242' title='bbox 0 0 1643 5467; x_wconf 95' lang='lat' dir='ltr'> </span> 
     </span>
    </p>
   </div>
  </div>
 </body>
</html>
