3259 5467
580 722 581 727 ’
697 731 734 773 ru
752 730 940 773 rmsuouss.
1257 713 1321 777 23⁷

316 868 466 934 randum.
513 867 649 948 Sebeda,
664 867 809 952 epistola.
827 869 860 933 S.
877 869 1034 952 Eulogius
1053 869 1089 933 in
1104 890 1155 954 ep.
1171 868 1213 934 ad
1226 870 1321 936 Alva-

315 993 409 1037 rum:
445 979 480 1036 ut
504 979 573 1036 erat
597 973 729 1036 cartulis
753 977 784 1035 et
803 973 951 1053 pittaciis
976 973 1107 1036 diensis
1130 974 1322 1055 dispositum.

316 1074 561 1140 Testamentum
578 1075 611 1140 S.
627 1072 758 1140 Caesarii
774 1073 992 1139 Arelatensis:
1014 1076 1044 1139 si
1061 1076 1111 1139 osii
1126 1077 1249 1161 aliquid
1260 1071 1323 1158 per

315 1179 477 1261 epistolam
492 1176 547 1242 out
560 1198 622 1260 per
628 1179 785 1260 pitacium
800 1184 857 1241 out
875 1179 966 1241 verbo
974 1173 1107 1260 pietatis
1121 1180 1323 1244 tumtunm

316 1282 398 1359 tulit,
420 1283 523 1345 ualere
543 1281 645 1346 uolo.''
659 1280 713 1344 W.
726 1319 753 1347 =
765 1280 787 1343 l.
803 1282 848 1344 34
862 1281 914 1345 De
935 1280 1012 1364 igne
1034 1281 1247 1346 Pascbali-“
1260 1284 1321 1347 Est

314 1381 411 1448 bodie
433 1381 596 1449 Paaobalis
621 1381 812 1467 quibusdam
834 1383 871 1446 in
892 1383 970 1447 locis
991 1383 1086 1466 ignis,
1110 1384 1166 1468 qui
1188 1379 1321 1450 vocatur

319 1482 505 1569 Osterfeuer',
531 1484 632 1571 cujus
653 1485 694 1549 ab
719 1482 962 1550 resurrectionis
987 1486 1166 1552 Dominicae
1191 1481 1320 1570 gaudio,

315 1586 499 1675 nostraeque
520 1610 578 1674 per
598 1589 687 1652 illam
709 1588 814 1652 allatae
834 1585 923 1652 certa
944 1584 1000 1673 s'pe
1020 1589 1071 1653 rel
1093 1589 1155 1653 alia
1169 1583 1320 1674 quapiem

316 1711 413 1755 ouusa
426 1713 494 1756 non
508 1693 603 1771 mala,
617 1689 744 1755 videtur
757 1690 887 1756 fluxisse
901 1690 1060 1756 initium.”
1074 1690 1129 1756 W.
1143 1727 1169 1756 =
1232 1735 1237 1745 ·

358 1815 391 1876 p.
409 1796 482 1873 185,
497 1795 519 1859 l.
537 1797 578 1858 13
593 1795 645 1859 De
665 1793 805 1876 Milone]
826 1794 1035 1876 “Gregorius
1050 1793 1098 1857 ΙΙ.
1115 1804 1164 1877 e’p.
1180 1792 1222 1857 ad
1238 1791 1319 1856 Turss

315 1895 429 1979 pinum
455 1896 501 1961 ait
526 1896 677 1960 Milonem
699 1899 780 1960 lunc
803 1898 871 1959 sola
896 1902 1025 1959 tessaura
1048 1897 1190 1960 clericum
1205 1893 1319 1976 fuisse,

315 1999 397 2062 nihil
418 2001 587 2082 sapientem
610 2001 648 2063 de
673 1998 781 2064 ordine
803 1996 1019 2064 ecclesiastico.
1074 1998 1119 2063 Et
1142 1997 1182 2061 de
1205 1997 1318 2062 eodem

316 2099 514 2166 Hinomaru's
529 2123 579 2185 ep.
594 2103 655 2166 VI.
671 2123 699 2166 c.
717 2104 777 2165 19:
799 2103 882 2165 Milo
897 2101 1017 2183 quidem
1037 2106 1165 2165 tornum
1179 2100 1319 2178 smmum,

315 2203 459 2283 monus,
475 2205 584 2268 habitu
593 2206 629 2269 'et
646 2204 900 2285 uctureligiosus
912 2203 1026 2282 laium,
1041 2203 1194 2285 episcopio
1208 2203 1318 2265 Remo-

315 2327 386 2369 rum
407 2327 447 2370 oc
469 2308 664 2371 diminorum
687 2308 843 2388 usurpans
862 2307 989 2370 insimul
1003 2326 1065 2389 per
1089 2304 1201 2369 multos
1222 2324 1319 2369 annos

310 2412 531 2491 pessumdedit.
587 2437 589 2442 ¹
1000 2408 1008 2480 f
1156 2410 1158 2416 ’
1254 2407 1256 2414 ’

360 2513 381 2576 1.
397 2515 442 2576 20
460 2513 602 2598 lardum]
618 2519 644 2571 .“
653 2514 777 2578 Putant
797 2514 906 2600 aliqui,
921 2534 1109 2580 concessum
1128 2535 1148 2579 a
1166 2513 1321 2599 pontifice

315 2614 368 2683 hic
382 2616 463 2680 lardi
478 2618 561 2681 cocti
579 2639 669 2681 esum
683 2618 719 2681 in
734 2618 986 2701 quadragesima,
1003 2618 1079 2702 quia
1098 2618 1207 2682 subdit
1226 2638 1319 2701 posse

315 2719 479 2783 incoctum
501 2720 623 2785 comedi
643 2728 717 2804 post
738 2721 921 2804 paschalem
941 2721 1167 2786 festivitatem.
1196 2723 1241 2784 Et
1263 2720 1318 2784 ad-

316 2830 435 2904 gerunt
448 2823 513 2887 buc
528 2823 606 2886 alias
621 2824 719 2888 etiam
734 2824 885 2888 rationes.
931 2825 971 2888 Ι.Ι
984 2821 1080 2889 Quod
1101 2824 1229 2888 lardum
1244 2821 1321 2887 curo

315 2947 384 2989 non
403 2926 454 3003 sit,
473 2928 513 2989 ut
530 2926 710 3011 philosophi
730 2934 763 2991 et
785 2925 965 2990 anatomici⁴
977 2927 1111 2992 docent:
1135 2932 1168 2990 et
1190 2926 1226 2988 in
1243 2927 1257 3009 j
1297 2922 1311 2928 ”

316 3027 470 3091 canonico
485 3029 583 3093 etiam
598 3027 743 3094 correcto
762 3050 790 3093 c.
805 3029 972 3113 presbyter
987 3028 1019 3091 d.
1035 3029 1088 3091 82.
1104 3028 1188 3092 clare
1203 3027 1317 3104 distin.

316 3129 427 3211 guitur
441 3151 515 3194 caro
537 3152 557 3194 a
571 3132 734 3213 sagamine
747 3131 835 3195 hisce
854 3130 976 3194 verbis:
998 3129 1171 3192 Dominicis
1192 3133 1223 3191 et
1235 3147 1319 3208 pru-

316 3233 415 3312 cipuis
429 3231 526 3310 sestis
546 3234 665 3297 modico
686 3235 756 3297 uino
776 3239 806 3296 et
822 3233 984 3314 pisciculis
1004 3237 1094 3313 utque
1119 3229 1322 3312 leguminibus

315 3341 471 3398 recreetur
494 3337 570 3399 sine
586 3337 679 3399 comte
702 3336 732 3399 'et
760 3337 920 3419 sagimine.
965 3337 1009 3399 Et
1031 3332 1188 3417 paulatim
1210 3332 1315 3397 iufra:

321 3438 398 3500 Vino
413 3444 443 3502 et
456 3440 615 3521 sagimine,
624 3440 693 3502 ,ouis
706 3445 737 3503 et
751 3459 841 3503 caseo
846 3441 944 3521 justa
956 3438 1135 3502 cononicam
1144 3455 1318 3500 uwnsurom

315 3541 362 3603 uti
373 3542 501 3621 poterit.
547 3544 590 3606 Et
612 3564 708 3607 carne
728 3549 839 3606 tamen
860 3541 910 3606 uti
932 3563 999 3608 nou
1020 3547 1157 3625 poterat.
1203 3541 1251 3604 II.
1275 3539 1318 3602 In

316 3643 459 3725 ejusdem
480 3666 507 3707 c.
531 3645 636 3727 glossa
658 3645 703 3709 sic
725 3652 793 3709 est:
815 3645 895 3728 Arg.
910 3646 994 3728 quod
1014 3646 1085 3709 licet
1103 3646 1258 3709 consedere
1279 3645 1317 3707 de

315 3747 465 3828 sagimine
478 3749 542 3811 illis
557 3748 672 3827 diebus,
688 3749 796 3830 quidm
811 3769 868 3811 ona
883 3755 914 3812 et
928 3769 1050 3812 caseum
1065 3749 1138 3812 licet.
1150 3748 1316 3811 omnedere.

314 3853 346 3912 4.
362 3850 435 3913 dist.
479 3851 628 3934 Denique
643 3851 701 3915 ΙΙΙ
715 3851 751 3914 in
765 3851 911 3934 margine
924 3872 1000 3915 vero
1013 3850 1076 3914 loci
1093 3849 1243 3933 ejusdem
1252 3849 1315 3913 sic:

316 3954 462 4035 Segimen
476 3959 507 4016 et
521 3954 643 4016 lordum
658 3955 708 4017 die
728 3954 855 4018 Veneris
869 3955 1025 4017 comedere
1039 3953 1119 4015 licet.
1163 3949 1318 4031 Sagimeu

314 4077 389 4119 vero
403 4063 519 4120 vocant
534 4057 709 4122 canonistae
724 4058 879 4140 saginam,
895 4057 1022 4139 adipem
1040 4060 1073 4118 et
1087 4049 1316 4136 pinguedinem

315 4159 461 4223 animalis
484 4166 517 4224 et
539 4161 642 4224 citant
668 4160 799 4244 quidam
820 4160 842 4223 l.
862 4158 921 4223 VI.
945 4179 972 4222 c.
996 4159 1047 4222 38.
1094 4153 1315 4233 Columellam,

315 4262 405 4344 quasi
420 4262 572 4327 animalia
585 4263 747 4327 nonnulla
758 4263 915 4346 sagimine
935 4261 1000 4325 aiat
1022 4256 1226 4341 strangulari,
1242 4277 1315 4320 cum

313 4365 379 4429 illic
405 4365 459 4428 alii
481 4366 577 4430 bodie
602 4366 713 4449 legant
738 4366 896 4448 sortpuine.
943 4364 1007 4428 Sed
1028 4363 1081 4427 IV
1104 4361 1265 4446 Sylvester
1284 4360 1316 4423 V

310 4468 474 4552 jejunium
495 4470 513 4554 t
532 4470 583 4534 16.
599 4471 774 4551 cuicunque,
790 4468 846 4544 ait,
862 4468 1039 4532 comeditur
1056 4485 1130 4529 usus
1148 4484 1273 4528 morum
1286 4470 1317 4527 et

314 4573 406 4649 casei,
430 4592 588 4636 succesus
608 4573 793 4654 intelligitur
814 4571 1074 4653 usussagiminis
1098 4570 1161 4633 siue
1177 4568 1266 4643 ¹lardi
1288 4587 1327 4631 c.
