3259 5467
703 682 739 725 is
757 679 939 727 concisus.
998 679 1001 683 ·
1253 666 1323 731 245

314 820 560 908 Nec'pe'rsonae,
576 844 648 907 qua
668 824 903 890 intervenerint
916 825 1062 906 concilio,
1078 834 1129 892 sat
1147 834 1234 892 certo
1247 850 1324 894 con-

312 932 418 991 stant.
435 986 439 995 ,
463 926 605 991 Echsrto
619 926 771 992 videntur
784 935 902 1012 prater
915 929 1046 994 clericos
1061 935 1095 994 ot
1112 930 1324 1016 coepiscopos,

318 1027 422 1093 sancti
437 1028 596 1094 Bonifacii
616 1029 793 1096 ordinarios
813 1029 957 1110 comites,
975 1030 1119 1112 Lullum,
1141 1032 1324 1113 Eobanum,

312 1135 511 1216 sturmium,
534 1142 569 1201 et
590 1142 722 1202 caeteros
732 1133 748 1215 ς’
764 1137 950 1202 interfuisse
970 1139 1079 1222 Viggo
1099 1140 1323 1224 Augustanus,

315 1237 425 1303 ¹Innido
456 1239 626 1323 Spirensis,
657 1238 819 1304 Rudoltus
849 1239 1120 1319 Constantiensis,
1145 1241 1251 1320 Adda,
1272 1243 1324 1308 vel

312 1339 434 1421 Hetto,
455 1342 507 1407 rel
528 1342 695 1426 Philippus
716 1336 1004 1425 Argentorateusis
1026 1344 1232 1410 ecclesiarum
1257 1347 1323 1430 epi-

317 1445 425 1529 scopi:
448 1445 524 1529 quia
546 1445 722 1529 Gregorius
744 1443 810 1509 III.
831 1445 949 1511 litteris
966 1467 1054 1510 anno
1075 1447 1322 1515 DCOXXXIX.

317 1547 412 1627 datis,
441 1547 528 1613 inter
561 1548 747 1612 serarianas
776 1548 931 1626 CXXIX,
960 1549 1090 1614 eosdem
1126 1551 1254 1631 inritat,
1283 1559 1323 1618 ut

317 1650 473 1717 festinent
498 1652 540 1716 ad
562 1650 755 1717 celebranda
777 1652 913 1718 concilia
933 1652 1106 1718 indicanda
1124 1674 1145 1718 a
1167 1654 1201 1718 S.
1222 1655 1322 1721 Boni·-

311 1752 409 1819 -faeio
700 1817 702 1820 ,
1307 1753 1314 1777 ³

360 1861 383 1892 “
389 1855 444 1921 Ad
458 1857 547 1922 hunc
562 1873 687 1923 annum
700 1879 818 1923 novam
836 1863 965 1941 ponunt
987 1856 1095 1923 sedem
1110 1857 1322 1943 episcopalem

315 1959 486 2044 Neoburgi
503 1961 545 2026 ad
559 1961 751 2026 Danubium
766 1982 786 2025 a
801 1960 836 2026 S.
851 1961 1021 2026 Bonifaoio
1043 1967 1184 2026 erectam
1198 1968 1232 2027 et
1245 1983 1322 2028 cum

311 2061 510 2146 Augustiana
529 2064 670 2129 Dioecesi
692 2086 720 2130 o.
735 2086 813 2128 ann.
836 2063 982 2128 Dcch
1000 2063 1139 2128 unitam.
1177 2064 1323 2149 Legatur

312 2159 368 2228 die
396 2165 621 2251 Abhandlung
645 2188 708 2233 ron
738 2166 813 2233 dem
839 2165 1040 2250 ehemaligen
1069 2166 1255 2233 Bissthume
1280 2186 1322 2233 sn

310 2269 486 2352 -Neuburg
510 2292 553 2334 an
570 2271 626 2336 der
643 2272 772 2350 Donau,
789 2291 861 2354 quae
876 2262 1040 2334 auctorem
1056 2269 1156 2334 habet
1175 2269 1321 2336 Michae-

312 2372 380 2435 -lem
403 2372 497 2437 Stein
518 2364 719 2438 Canonicum
740 2379 775 2438 et
797 2372 1085 2437 Bibliothecarium
1108 2371 1321 2439 Rebdorffen'·

314 2494 393 2539 sem.
439 2467 555 2540 Exstat
573 2476 610 2541 in
624 2476 689 2542 den
703 2497 812 2540 neuen
826 2475 1040 2541 historischen
1054 2474 1321 2560 Abhandlunged

315 2577 373 2640 der
395 2577 601 2645 Baierischen
621 2579 797 2644 Academie
823 2579 882 2643 der
903 2577 1192 2659 wissenschaften,
1211 2586 1320 2645 ersten

310 2680 410 2744 -Band
426 2683 521 2748 1779.
536 2705 569 2766 p.
585 2681 793 2746 383—4243’
808 2680 864 2745 W.

358 2775 481 2848 Concil.
497 2785 544 2849 H.
562 2807 600 2869 p.-
612 2787 732 2849 11.-“
739 2785 858 2850 Annus
878 2783 983 2848 adhuc
1001 2781 1183 2850 DCCXLI.
1206 2783 1319 2849 decur-

311 2885 416 2965 rebat,
431 2907 506 2950 cum
523 2888 556 2952 S.
567 2888 753 2953 Bonifacius
767 2886 928 2972 synodum
943 2885 1118 2950 secundam
1135 2886 1320 2971 Saltaburgi
1419 2940 1424 2949 ,

312 2980 481 3054 αᾱὲὼω
495 2991 726 3056 Ihanconicam
741 2994 940 3056 convocaret.
986 2984 1053 3053 Qui
1067 2986 1206 3071 episcopi
1216 2987 1263 3052 ‘in
1280 3009 1320 3054 ea

313 3098 488 3174 praesentes
508 3092 640 3174 fuerint,
662 3114 760 3158 nemo
785 3113 846 3156 nos
874 3089 1038 3154 instruxit.
1084 3084 1239 3153 Crederes
1267 3089 1319 3154 io·

314 3194 419 3274 terim,
448 3194 496 3274 ibi
523 3196 610 3260 inter
638 3196 718 3260 alios
748 3193 888 3259 adfuisse
917 3191 1045 3256 Eddsm
1074 3186 1139 3254 sive
1163 3188 1319 3257 Ettonem

314 3295 626 3379 Argentoratensem
660 3305 694 3362 et
729 3294 963 3380 Regenfridum
998 3290 1233 3371 Coloniensem,¹
1263 3293 1319 3376 qni

313 3401 461 3483 sequenti
476 3422 562 3466 anno
577 3401 670 3466 altori
684 3401 783 3467 etiam
795 3393 920 3484 synodo
934 3396 999 3461 sire
1013 3392 1149 3461 concilio
1162 3393 1318 3461 interfue-

313 3510 401 3567 runt.
445 3504 502 3568 An
516 3501 679 3589 B'ajoariae¹
688 3524 815 3588 quoque
827 3497 968 3587 episcopi
981 3498 1088 3564 eidem
1098 3496 1317 3579 interfuerint,

312 3626 380 3669 nou
394 3607 598 3687 affirmarim
620 3628 699 3672 nam
712 3606 760 3671 illi
774 3601 920 3671 Francos
934 3603 1081 3669 nondum
1094 3600 1317 3687 pro'Dominis

312 3709 541 3791 agnoscebant.
585 3709 798 3795 Episcopatus
826 3729 903 3774 vero
931 3706 967 3770 in
992 3728 1077 3773 nova
1101 3706 1238 3772 nucia
1259 3726 1318 3772 seu

312 3810 501 3892 I'ranconia,
517 3834 589 3897 quse
608 3832 753 3897 nupera
771 3810 951 3894 Thuringia
969 3808 1125 3893 decerpta·
1138 3805 1210 3874 erat
1227 3813 1263 3873 et
1280 3809 1318 3873 in

312 3912 431 3977 Hassis
441 3935 531 3979 nunc
544 3914 703 3980 hindundi
714 3921 818 3979 erant.
849 3913 990 3978 Omnem
1004 3910 1106 3994 igitur
1119 3909 1316 3993 provinciam

311 4015 497 4082 Bonifacius
519 4018 555 4082 in
573 4025 640 4083 tres
660 4017 808 4083 discrevit
826 4013 993 4100 parochias
1009 4019 1045 4077 et
1066 4010 1316 4095 wirceburgum

312 4118 345 4182 S.
366 4119 490 4184 Kiliani
511 4119 823 4207 martyriocelebre,
844 4116 1066 4200 Buriburgum
1084 4113 1118 4178 in
1142 4110 1262 4179 Hassis
1281 4121 1316 4181 ct

311 4221 551 4287 Eichsstadium
567 4223 741 4288 infinibus
766 4220 986 4305 Bajoariorum
1006 4215 1097 4283 sedes
1121 4215 1316 4300 episcopales

310 4345 379 4389 esse
402 4326 571 4391 constituit
597 4327 730 4410 (Eckart
754 4326 831 4390 Rer.
854 4321 999 4388 macic.
1022 4319 1079 4385 lib.
1104 4317 1239 4383 XXIII.
1258 4318 1316 4404 qui

309 4427 379 4492 haec
393 4428 627 4508 subministrat,
641 4449 701 4513 pro
715 4426 865 4493 Erfordia
880 4423 973 4510 ponit
985 4420 1221 4504 Eiehstadium)
1237 4442 1315 4486 con·

310 4532 425 4597 secreti
440 4538 517 4596 sunt
533 4532 638 4616 primo
657 4528 796 4615 episcopi
815 4528 891 4610 duo,
906 4524 1114 4592 Barchardus
1127 4522 1313 4590 Wircebur·
