3259 5467
406 667 450 727 24
690 681 858 725 noumncn
873 680 1118 725 nucnrsrrscorr

406 828 586 912 puellarum
597 827 722 891 sontica
737 807 892 904 exercere,
902 846 961 892 neo
976 825 1120 891 convivio
1130 825 1165 889 in
1180 825 1316 891 ecelesia
1329 847 1407 909 prae-

404 932 536 1016 parare:
560 930 636 1014 quia
650 929 806 1013 seriptum
821 935 889 993 est:
913 929 1036 992 Domus
1050 949 1119 992 mea
1134 929 1242 992 domun
1257 931 1408 993 ordilonis

404 1036 572 1100 vorabitur.

449 1137 562 1202 XXII.
586 1134 982 1203 Utviricummulieribus
990 1133 1143 1201 balneum
1152 1155 1220 1201 non
1232 1134 1406 1199 eelebrent.

451 1239 583 1304 XXIII.
606 1239 684 1303 Non
694 1238 770 1302 lieet
778 1238 814 1300 in
828 1237 884 1301 illo
899 1237 1012 1301 altario
1026 1237 1084 1303 ubi
1095 1237 1262 1321 episeopus
1276 1237 1407 1302 mirsam

406 1342 531 1420 dixerit,
546 1348 585 1406 ut
599 1340 765 1425 presbyter
778 1347 890 1423 postea
903 1340 959 1403 illa
974 1339 1025 1403 die
1040 1339 1170 1403 missam
1185 1339 1282 1404 dieat.

450 1445 576 1520 XXIV.
599 1445 677 1508 Non
698 1444 774 1508 licet
793 1443 901 1525 vigilia
922 1443 1047 1526 paschae
1065 1449 1141 1508 ante
1160 1443 1275 1507 horam
1294 1464 1405 1509 seeun-

381 1606 386 1616 .
407 1547 482 1613 dam
497 1548 600 1612 noctis
620 1546 742 1629 viffi‘lias
761 1545 976 1629 perexpedire,
993 1546 1068 1629 quia
1082 1547 1117 1611 in
1138 1547 1208 1629 ipsa
1227 1551 1326 1610 noete
1340 1568 1406 1610 non

406 1650 482 1715 licet
500 1649 730 1733 postmodium
750 1655 878 1712 noctem
898 1648 1025 1724 bibere:
1053 1669 1113 1712 nec
1131 1649 1241 1717 natale
1260 1648 1404 1727 Domini,

407 1774 467 1817 neo
481 1753 516 1816 iu
531 1752 661 1835 reliquis
676 1751 943 1817 solemnitatibus.
1037 1735 1041 1742 ¹

450 1857 555 1921 XXV.
578 1855 789 1920 Adnuncient
811 1855 909 1919 etiam
930 1854 1109 1938 presbyteri
1130 1853 1282 1921 omnibus
1305 1854 1404 1919 fideli·

406 1960 467 2025 bus
490 1959 550 2023 sibi
572 1958 733 2043 subjectis,
754 1958 937 2043 symbolum
959 1964 992 2022 et
1011 1957 1189 2022 orationem
1210 1957 1404 2022 dominicam

406 2063 820 2127 memoriaeoommendare:
843 2067 881 2127 ut
892 2060 956 2126 fide
967 2068 1000 2125 et
1012 2060 1156 2125 oratione
1167 2067 1281 2125 sancto
1290 2060 1405 2145 spiritu

405 2167 586 2232 illustrante
601 2167 772 2231 salventur.

450 2269 575 2335 XXVI.
597 2268 809 2333 Adnuneient
826 2267 1014 2352 presbyteri,
1036 2274 1073 2331 ut
1092 2287 1196 2350 neque
1215 2265 1276 2330 viri
1299 2287 1404 2350 neque

405 2373 546 2438 foeminae
563 2371 603 2435 de
619 2392 708 2434 sacro
725 2371 815 2434 fonte
835 2371 948 2435 filiolos
969 2371 1019 2436 vel
1040 2370 1153 2435 filiolas
1175 2369 1363 2453 suscipiunt,
1377 2369 1405 2433 si

406 2497 474 2539 non
498 2474 683 2538 memoriter
712 2473 893 2558 symbolum
927 2481 959 2538 et
989 2475 1167 2539 orationem
1199 2472 1404 2539 Dominioam

405 2578 581 2642 tenuerint.

449 2680 592 2746 XXVII.
616 2680 736 2744 Nullus
751 2680 793 2744 sit
812 2681 979 2765 presbyter
994 2681 1099 2764 quiin
1118 2680 1188 2763 ipsa
1204 2679 1328 2762 lingum,
1342 2701 1405 2763 qua

405 2784 475 2848 nati
490 2790 575 2862 sunt,
587 2783 805 2866 baptizandos,
815 2784 1114 2853 abrenunciationes
1129 2784 1179 2847 vel
1190 2783 1404 2849 oonfessiones

406 2894 515 2972 aperte
536 2888 733 2970 interrogare
750 2909 817 2952 non
842 2888 989 2951 studeat:
1020 2894 1057 2956 ut
1079 2887 1264 2969 intelligant
1288 2886 1404 2969 quibus

405 2990 648 3069 abrenunciant,
664 2991 715 3054 vel
733 3013 804 3074 quae
824 2991 1037 3055 confitentur:
1061 2998 1094 3055 et
1110 2991 1165 3074 qui
1178 2991 1289 3056 taliter
1309 3011 1403 3074 agere

401 3092 627 3177 dedignantur,
643 3094 770 3158 secedat
785 3094 825 3157 de
840 3093 998 3177 parocbia.

449 3197 613 3262 XXVIII.
639 3199 674 3261 Si
703 3198 743 3262 de
769 3197 929 3281 aliquibus
959 3196 1094 3260 dubium
1117 3203 1166 3260 est
1196 3203 1309 3266 utrum
1337 3198 1403 3262 sint

404 3299 567 3385 baptizati,
583 3300 703 3385 absque
724 3302 791 3366 ullo
813 3300 962 3384 scrupulo
981 3300 1203 3383 baptizentur:
1226 3300 1277 3364 his
1292 3308 1403 3365 tamen

404 3403 508 3468 verbis
523 3405 711 3487 praemissis:
741 3425 808 3467 non
831 3404 876 3466 'Ie
897 3402 1045 3486 baptizo:
1068 3404 1125 3467 sed
1146 3403 1182 3467 Si
1199 3404 1348 3471 nondum
1370 3425 1402 3468 es

402 3505 594 3589 baptizatus,
610 3505 738 3588 baptizo
757 3513 790 3570 te
804 3506 841 3568 in
855 3508 986 3571 nomine
1001 3507 1116 3586 Patris,
1132 3515 1166 3572 et
1181 3507 1264 3587 Filii,
1281 3514 1314 3575 et
1329 3509 1403 3592 spi-

404 3609 485 3672 ritus
503 3609 623 3672 Sancti.

447 3710 572 3774 XXIX.
597 3711 718 3774 Omnes
740 3711 917 3795 presbyteri
937 3714 1044 3777 oleum
1061 3713 1263 3777 infirmorum
1281 3713 1321 3779 ab
1337 3714 1401 3797 epi-

404 3836 499 3898 scopo
508 3821 669 3897 expetant,
679 3837 849 3899 secumque
860 3817 1018 3882 habeant:
1042 3825 1075 3882 et
1086 3817 1282 3883 admoneant
1293 3819 1402 3883 fideles

403 3920 547 3984 infirmos
562 3919 642 3982 illud
657 3919 831 4002 exquirere,
847 3927 884 3984 ut
899 3921 1012 3985 eodem
1023 3922 1096 3985 oleo
1111 3921 1269 4004 peruncti,
1282 3944 1302 3987 a
1316 3943 1402 4004 presa

403 4021 524 4107 byteris
539 4030 712 4087 sanentur:
739 4025 819 4097 Quia
835 4026 934 4088 oratio
942 4024 1022 4105 fidei
1035 4026 1169 4088 solsadii
1183 4025 1332 4106 infirmos.

447 4128 552 4191 XXX.
575 4128 721 4191 Doceant
747 4128 845 4191 etiarn
870 4128 1048 4212 presbyteri
1076 4129 1241 4212 populum,
1265 4136 1403 4212 quatuor

404 4231 548 4312 legitima
562 4236 744 4313 temporum
755 4230 879 4314 jejunia
889 4231 1072 4297 observare:
1096 4232 1158 4295 hoo
1169 4237 1231 4311 est,
1240 4231 1276 4293 in
1291 4252 1403 4294 mense

406 4333 536 4411 Martio,
554 4333 662 4411 Junio,
680 4333 881 4415 Septembrio
901 4342 934 4398 et
949 4333 1153 4414 Decembrio,
1170 4334 1299 4418 quando
1322 4334 1402 4399 sacri

406 4436 533 4499 ordines
544 4437 638 4518 juxto
652 4442 776 4500 statuta
790 4459 951 4502 canonum
966 4446 1118 4521 aguntur.

451 4538 575 4603 XXXI.
599 4540 642 4604 Et
661 4539 736 4622 quio
753 4541 839 4609 varia
858 4542 1046 4610 necessitate
1066 4542 1289 4626 praepedimur,
1310 4562 1403 4605 asno-
