3259 5467
486 675 527 738 22
766 692 934 736 eonrraeu
950 690 1196 734 Anonrnrrscorr

488 1165 615 1229 Statuto
637 1165 774 1247 paredam
794 1164 828 1226 S.
845 1162 1002 1245 Bonifatii
1022 1165 1244 1246 archiepiscopi
1261 1165 1443 1247 Mogontioi
1458 1174 1482 1230 et

528 1269 686 1349 martyris,
720 1267 765 1350 (ut
793 1267 925 1348 videtur)
957 1268 990 1328 io
1020 1267 1123 1330 eodem
1153 1269 1281 1331 concilio
1307 1268 1482 1350 Leptioenn‘

524 1371 734 1453 promulpoto.

530 1550 782 1614 Conrnnmnun
815 1570 942 1634 quoque
972 1556 1132 1614 statutum
1168 1570 1330 1614 canonum
1359 1552 1396 1614 in
1425 1551 1482 1615 hoe

487 1653 673 1717 observare:

530 1756 558 1820 I.
582 1757 630 1820 Ut
649 1756 757 1819 nullus
780 1757 948 1841 presbyter
968 1756 1123 1820 creditam
1149 1757 1210 1820 sibi
1230 1757 1397 1821 ecclesiam
1417 1758 1482 1821 sine

486 1882 644 1925 consensu
664 1860 801 1944 episcopi
822 1860 1032 1944 derelinquat,
1048 1868 1081 1925 et
1101 1862 1255 1926 laicorum
1276 1863 1426 1926 suasione
1445 1861 1482 1925 ad

486 1965 582 2029 aliam
596 1970 747 2028 transeat.

529 2069 578 2132 ΙΙ.
602 2069 650 2132 Ut
667 2068 776 2130 nullus
797 2067 965 2152 presbyter
985 2089 1074 2131 sacra
1094 2067 1257 2152 mysteria,
1272 2067 1336 2131 nisi
1357 2069 1394 2132 in
1408 2069 1482 2133 locis

487 2171 689 2249 consecratis,
703 2193 762 2254 pro
777 2176 967 2254 contemptu
982 2170 1121 2235 ecclesiae
1136 2192 1230 2254 agere
1245 2179 1430 2254 praesumat.
1465 2221 1469 2226 .

528 2275 595 2338 ΙΙΙ.
619 2275 668 2338 Ut
682 2274 791 2337 nullus
808 2274 975 2357 presbyter
989 2273 1025 2337 in
1045 2274 1178 2338 ecclesia
1197 2282 1383 2339 consecrata
1398 2275 1482 2339 aliud

487 2378 586 2442 altare
606 2377 717 2459 erigat,
738 2376 802 2439 nisi
823 2377 907 2460 quod
932 2377 971 2440 ab
995 2377 1142 2461 episcopo
1160 2377 1396 2442 sanctificatum
1417 2385 1482 2443 est:

487 2487 526 2545 ut
541 2481 583 2544 sit
598 2479 747 2544 discretio
761 2481 848 2543 inter
863 2486 1024 2544 sacratum
1039 2487 1072 2545 et
1086 2502 1153 2544 non
1168 2486 1338 2545 sacratum.

533 2584 591 2648 IV.
615 2585 664 2648 Ut
677 2582 856 2667 presbyteri
871 2584 939 2647 sine
954 2605 1043 2648 sacro
1057 2584 1237 2663 chrismate,
1254 2591 1286 2648 et
1302 2585 1373 2649 oleo
1387 2585 1482 2649 bene-

487 2688 582 2766 dicto,
598 2694 631 2752 et
652 2687 771 2751 salubri
789 2688 990 2765 eucharistia,
1008 2688 1125 2751 alicubi
1144 2710 1212 2752 non
1231 2688 1482 2771 proficiscantur.

490 2792 554 2856 Sed
568 2791 761 2874 ubicumque
771 2792 821 2854 vel
835 2791 973 2855 fortuitu
988 2792 1134 2874 requisiti
1148 2791 1277 2870 fuerint,
1288 2792 1328 2855 ad
1344 2793 1482 2856 officium

488 2916 581 2959 suum
597 2895 707 2959 statim
721 2895 928 2959 inveniantur
942 2896 1045 2978 parati
1058 2895 1094 2957 in
1108 2895 1272 2959 reddendo
1288 2895 1407 2960 debito.

529 3000 571 3062 V.
595 3000 643 3063 Ut
664 2999 842 3083 presbyteri
864 2998 923 3063 sub
946 2999 1050 3082 sigiIIo
1072 2998 1254 3062 custodiant
1278 2998 1427 3077 chrisma,
1451 3006 1482 3063 et

486 3101 569 3166 nulli
587 3102 647 3166 sub
669 3108 827 3187 praetextu
846 3102 1013 3166 medicinae
1036 3103 1086 3166 vel
1105 3102 1275 3187 cujuslibet
1294 3102 1342 3166 rei
1364 3102 1482 3167 donare

485 3213 681 3290 praesumant
692 3233 701 3285 3
725 3228 827 3290 genus
849 3207 935 3271 enim
959 3206 1149 3270 sacramenti
1169 3211 1237 3270 est:
1260 3227 1328 3269 non
1351 3205 1392 3269 ab
1415 3207 1482 3271 aliis

484 3311 548 3374 nisi
573 3333 592 3375 a
615 3310 832 3375 sacerdotibus
856 3309 1002 3392 contingi
1027 3308 1142 3374 debet:
1172 3308 1258 3393 quod
1282 3309 1308 3372 si
1336 3310 1482 3389 fecerint,

485 3414 606 3478 bonore
620 3414 796 3497 priventur.

528 3516 589 3579 VI.
613 3517 662 3580 Ut
686 3515 760 3579 laici
784 3515 986 3599 presbyteros
1009 3538 1077 3580 non
1106 3516 1236 3601 ejiciant
1265 3516 1305 3579 de
1331 3517 1480 3595 ecclesiis,

485 3639 545 3681 nec
581 3618 710 3681 mittere
746 3626 952 3701 praesumant,
977 3620 1045 3684 sine
1075 3641 1233 3684 consensu
1262 3619 1481 3705 episcoporum

485 3742 626 3786 suorum.

528 3826 609 3889 VII.
634 3826 681 3889 Ut
700 3826 772 3890 laici
787 3827 919 3891 omnino
933 3850 1000 3892 nou
1016 3827 1156 3892 audeant
1171 3848 1306 3891 munera
1320 3828 1447 3911 exigere
1462 3850 1480 3892 a

484 3929 687 4013 presbyteris,
711 3937 842 4013 propter
865 3931 1174 3996 commendationem
1199 3931 1338 3995 ecclesiae
1367 3932 1480 4015 cuique

484 4032 680 4116 presbytero.

528 4136 627 4200 VIII.
651 4137 699 4200 Ut
728 4137 905 4220 presbyteri
933 4138 1017 4202 bene
1049 4138 1152 4201 vivere
1181 4137 1342 4217 studeant,
1373 4143 1406 4202 et
1434 4139 1481 4202 ita

485 4240 639 4323 populum
654 4240 799 4305 doceant.

527 4342 587 4405 IX.
611 4344 659 4407 Ut
673 4344 893 4428 unusquisque
915 4345 1079 4428 episcopus
1095 4366 1154 4408 sua
1173 4345 1209 4408 in
1223 4345 1374 4429 parochia
1393 4366 1478 4428 pres-

484 4445 613 4529 byteros
629 4446 798 4528 diligenter
817 4449 959 4532 inquirat
979 4449 1065 4512 unde
1081 4449 1163 4512 sint:
1187 4456 1220 4512 et
1242 4449 1269 4511 si
1284 4469 1380 4531 quem
1395 4448 1477 4532 fugi-

483 4548 585 4612 tivum
600 4549 766 4630 invenerit,
782 4551 824 4616 ad
839 4575 932 4615 suum
948 4553 1130 4636 episcopum
1145 4552 1248 4616 redire
1262 4552 1368 4616 faciat.
