3259 5467
371 1265 637 1338 INCIPIUNT
664 1263 935 1338 SERMONES
964 1263 1000 1337 S.
1027 1262 1291 1336 BONIFACII

517 1398 744 1473 EPISCOPI
770 1399 835 1471 ET
860 1397 1132 1483 MARTYRIs

724 1833 878 1897 SERMO
902 1833 929 1896 I.

704 1993 752 2056 De
759 1993 829 2074 fide
844 1998 939 2055 recto.

369 2147 397 2208 1.
422 2146 672 2208 Nscussauruu
694 2153 743 2208 est
760 2145 876 2208 fratres
899 2143 1052 2206 carissimi
1072 2142 1251 2225 unicuique·
1267 2141 1323 2226 qui

322 2247 483 2312 desiderat
498 2250 538 2312 ad
560 2270 698 2331 regnum
713 2248 868 2312 coelorum
890 2246 1066 2330 pervenire,
1083 2246 1168 2330 quod
1190 2246 1283 2309 nobis
1303 2267 1323 2309 a

322 2352 394 2415 Deo
415 2352 630 2436 omnipotenti
649 2352 843 2435 promissum
861 2358 909 2415 est
928 2357 960 2414 et
982 2359 1206 2434 praeparatum,
1223 2350 1321 2414 fidem

316 2467 444 2522 rectam
459 2465 492 2522 et
512 2459 703 2522 catholicam
725 2457 794 2521 sine
814 2457 1016 2521 dubitatione
1038 2457 1172 2520 firmiter
1189 2463 1321 2520 tenere:

321 2561 399 2643 quia
412 2562 454 2624 ad
476 2565 630 2626 aeternam
652 2560 888 2626 beatitudinem
910 2581 1006 2624 nemo
1024 2561 1189 2643 pervenire
1204 2568 1320 2644 potest,

320 2664 385 2727 nisi
399 2665 470 2729 Deo
485 2666 620 2748 placeat,
636 2673 670 2728 et
689 2665 799 2728 nullus
820 2665 890 2728 Deo
907 2664 1032 2747 plaeere
1051 2670 1168 2746 potest,
1183 2663 1247 2726 nisi
1263 2685 1321 2747 per

319 2768 418 2831 fidem
432 2774 564 2833 rectam.
610 2768 704 2831 Fides
719 2788 859 2850 namque
871 2767 1017 2831 omnium
1031 2767 1190 2831 bonorum
1204 2767 1319 2832 funda-

318 2877 467 2934 mentum
482 2879 541 2950 est,
556 2873 636 2935 fides
650 2871 802 2934 humanae
817 2870 929 2934 salutis
943 2870 1075 2933 initium
1089 2875 1156 2949 est;
1176 2869 1244 2934 sine
1259 2871 1320 2936 hae

318 2995 416 3038 nemo
441 2975 482 3038 ad
505 2975 706 3039 nobilitatem
729 2974 868 3038 filiorum
899 2974 961 3037 Dei
989 2973 1153 3057 pervenire
1181 2974 1317 3056 poterit:

318 3076 396 3159 quia
410 3077 479 3141 sine
493 3077 563 3161 ipsa
577 3099 637 3142 nee
651 3078 687 3141 in
701 3078 762 3142 hoo
777 3078 892 3142 saeculo
902 3077 1070 3160 quisquam
1080 3076 1318 3160 justificationis

317 3181 526 3263 consequitur
551 3181 699 3264 gratiam,
725 3182 847 3245 necin
876 3181 986 3244 futuro
1015 3180 1115 3243 vitam
1143 3177 1318 3261 possidebit

317 3290 483 3346 aeternam.
529 3284 668 3347 Proinde
683 3283 775 3347 valde
790 3282 1005 3347 necessarium
1021 3288 1069 3345 est
1084 3281 1174 3345 omni
1183 3279 1316 3358 homini,

317 3390 355 3447 ut
381 3384 554 3469 diligenter
577 3387 679 3451 ducat
702 3388 800 3450 fidem
827 3385 1017 3450 catholicam
1039 3391 1073 3448 et
1099 3382 1315 3468 apostolicam,
1427 3387 1428 3390 ’

316 3488 455 3552 maxime
469 3489 581 3573 populi
594 3489 857 3573 praedicatoribus
869 3487 1054 3567 Christiani,
1064 3494 1097 3551 et
1112 3487 1317 3550 eeclesiarum

316 3590 379 3654 Dei
395 3590 588 3656 doctoribus.
624 3592 794 3658 Quomodo
808 3592 902 3656 docet
918 3591 988 3675 quis
1004 3591 1090 3675 quod
1101 3612 1168 3654 non
1180 3590 1315 3654 didicit?

314 3695 366 3758 vel
381 3694 518 3778 qulaiter
532 3702 641 3778 pastor
656 3717 725 3759 esse
739 3695 867 3779 poterit,
880 3695 907 3758 si
921 3715 1005 3778 pane
1019 3694 1093 3757 vitae
1109 3703 1240 3777 gregem
1255 3694 1316 3759 sibi

314 3798 520 3861 commissum
543 3820 672 3883 pascere
695 3800 847 3882 ignorat?
881 3820 947 3862 non
974 3798 1140 3862 erubescat
1169 3798 1314 3862 nesciens

313 3900 436 3965 discere
451 3902 536 3985 quod
550 3902 688 3984 ignorat,
704 3923 764 3966 nee
786 3902 889 3966 sciens
906 3901 1018 3965 tardus
1036 3901 1078 3965 sit
1098 3901 1210 3964 docere
1228 3901 1314 3983 quod

313 4004 413 4068 novit.

356 4110 388 4169 2.
413 4107 483 4170 Ista
506 4113 555 4171 est
584 4108 663 4171 fides
693 4108 860 4187 catholica,
884 4114 920 4171 ut
949 4106 1116 4172 credamus
1144 4105 1180 4169 in
1208 4126 1312 4167 unum

311 4211 420 4275 Deum
436 4211 567 4275 Patrem
582 4211 848 4295 omnipotentem,
865 4210 947 4275 etin
962 4210 1080 4274 Filium
1095 4210 1164 4293 ejus
1178 4207 1312 4271 unicum

312 4312 492 4376 Dominum
515 4315 628 4377 Jesum
650 4312 830 4393 Christum,
846 4321 879 4378 et
901 4315 936 4377 in
961 4312 1117 4395 Spiritum
1142 4315 1310 4374 sanetum:

299 4414 447 4479 ·Patrem
462 4437 499 4480 eo
515 4417 601 4500 quod
615 4417 732 4480 habeat
750 4418 879 4497 Filium,
895 4416 1013 4480 Filium
1033 4436 1070 4478 eo
1089 4412 1175 4497 quod
1193 4412 1312 4476 habeat

312 4517 455 4598 Patrem,
472 4520 793 4603 Spiritum-sanetum
812 4542 850 4584 eo
871 4519 955 4602 quod
976 4518 1017 4581 sit
1037 4539 1076 4581 ex
1091 4517 1187 4580 Patre
1202 4536 1310 4598 proce·

799 4644 819 4684 a
