3259 5467
618 712 769 754 uucroan
787 711 1014 753 wrnnrannno
1254 693 1315 754 145

311 860 410 936 atque
428 851 632 916 abstinentiae
652 851 759 930 robur,
776 851 989 935 praesentibus
1009 873 1047 916 ac
1066 858 1139 935 post
1157 852 1316 916 secuturis

312 956 437 1019 saeculis
451 954 573 1039 jubetis
596 955 824 1019 demonstrare.
873 954 937 1018 Sed
955 955 1098 1038 quamvis
1122 955 1164 1019 ad
1186 955 1317 1019 demon-

311 1059 478 1123 strandam
500 1066 667 1122 tantarum
686 1080 794 1121 rerum
815 1059 983 1137 rationem,
1000 1059 1152 1141 exiguum
1171 1080 1224 1124 me
1245 1081 1317 1143 par-

310 1184 453 1246 vumque
492 1163 562 1226 fieri
602 1169 765 1226 auctorem
802 1183 985 1245 agnoscam,
1020 1169 1130 1226 tamen
1167 1162 1317 1246 exigente

310 1265 544 1330 benevolentiae
569 1273 682 1329 vestrae
704 1266 871 1329 voluntate
892 1265 954 1329 hoc
981 1265 1067 1348 quod
1089 1265 1316 1344 demandastis,

310 1370 401 1434 vobis
417 1370 606 1453 juvantibus
623 1391 690 1433 non
709 1369 845 1453 propriae
866 1370 1125 1452 praesumptionis
1145 1369 1318 1434 insolentia

309 1472 426 1551 fretus,
447 1473 502 1536 sed
526 1473 700 1536 assertione
718 1472 958 1536 catholicorum
982 1473 1130 1551 confisus,
1150 1472 1318 1556 aggrediar

314 1598 413 1660 opus:
445 1599 550 1659 neque
580 1599 620 1640 ex
644 1576 810 1660 parvitatis
834 1597 914 1639 meae
939 1577 1032 1660 stylo,
1056 1576 1192 1660 propriae
1214 1577 1318 1640 laudis

312 1679 510 1763 praeconium
535 1679 712 1762 requirens,
728 1680 785 1742 sed
809 1701 850 1742 ex
871 1686 971 1743 tantae
996 1679 1043 1742 rei
1066 1678 1231 1758 relatione,
1246 1701 1318 1762 pro·

312 1783 462 1846 futurum
483 1783 666 1866 legentibus
686 1783 833 1866 praebens
855 1783 1047 1866 exemplum,
1064 1783 1142 1846 dum
1160 1782 1212 1846 his
1232 1784 1317 1866 quis·

314 1907 377 1968 que
406 1885 578 1949 instruitur
606 1886 762 1965 formulis,
792 1885 889 1950 etad
917 1885 1050 1949 meliora
1077 1885 1239 1969 profectus
1269 1886 1318 1950 sui

313 1989 511 2073 perfectione
526 1989 722 2073 perducitur.

312 2319 430 2382 Garun
456 2319 484 2381 I.
543 2319 684 2392 Qualiter
706 2320 740 2381 ia
765 2318 901 2399 infautia
924 2339 981 2382 sac
1004 2319 1135 2384 Domini
1158 2321 1317 2418 seruiium

769 2422 873 2484 subiit.

357 2627 554 2690 Innusranu
569 2625 670 2708 igitur
685 2646 722 2689 ac
736 2646 809 2689 vere
824 2625 952 2720 beatam
969 2626 1002 2690 S.
1015 2627 1183 2707 Bonifatii,
1199 2629 1318 2694 summi

312 2730 479 2794 Pontificis
496 2730 606 2808 vitam,
625 2750 793 2812 moresque
813 2730 893 2814 ejus,
916 2737 1100 2795 sanctorum
1123 2754 1318 2817 magnopere

311 2834 494 2898 imitatione
516 2841 666 2912 sacratos,
685 2834 761 2897 licet
787 2834 946 2917 opacitate
967 2836 1137 2918 praepediti
1163 2837 1317 2917 scientiae,

313 2938 390 3002 exili
405 2948 516 3001 tamen
536 2939 681 3020 opusculi
703 2937 800 3021 hujus
826 2939 964 3002 stamine
986 2938 1161 3017 innectere,
1182 2961 1220 3003 ac
1243 2941 1319 3004 sim·

312 3042 390 3126 plici
411 3041 553 3105 historiae
582 3040 735 3123 tegmine,
763 3040 1033 3124 quemadmodum
1059 3042 1214 3124 religiosis
1243 3043 1319 3107 viris

311 3144 526 3209 referentibus
546 3144 769 3228 comperimus,
786 3144 841 3228 qui
861 3144 1047 3227 quotidiano
1068 3145 1136 3228 ejus
1152 3146 1318 3229 colloquio,

311 3258 345 3313 et
369 3249 534 3330 religionis
560 3247 801 3311 conversatione
826 3247 938 3311 sedulo
961 3248 1158 3330 praesentati,
1183 3270 1222 3312 ea
1247 3270 1318 3331 quae

314 3352 488 3416 audieumt
508 3352 558 3415 vel
577 3350 737 3430 viderunt,
759 3351 795 3414 in
818 3351 1000 3434 exemplum
1021 3351 1156 3435 posteris
1178 3351 1319 3416 tradide-

313 3467 401 3534 runt,
423 3463 618 3538 congregata
639 3454 808 3519 verborum
833 3455 997 3533 varietate,
1022 3454 1160 3519 texendo
1183 3455 1319 3519 nitimur

313 3559 463 3637 enodare,
484 3566 517 3623 et
541 3558 581 3622 ab
602 3558 741 3636 exordio,
764 3580 866 3641 usque
896 3558 937 3621 ad
966 3560 1074 3637 finem,
1105 3566 1227 3642 quanta
1247 3581 1318 3643 pos-

315 3686 427 3727 sumus
446 3663 664 3744 indagatione,
681 3662 796 3725 divinae
816 3663 1096 3745 contemplationis
1118 3664 1187 3748 ejus
1203 3663 1319 3728 sancti·

315 3767 460 3832 moniam
480 3766 629 3830 revelare.
676 3765 760 3829 Cum
783 3765 870 3829 enim
890 3766 1041 3849 primaevo
1062 3768 1193 3850 puerilis
1215 3768 1319 3833 aetatis

315 3873 439 3949 decore,
458 3871 562 3933 multa
584 3877 622 3933 ut
645 3869 725 3932 solet
743 3876 899 3933 maternae
923 3869 1145 3933 sollicitudinis
1166 3893 1243 3935 cura
1264 3870 1319 3934 ab·

314 3977 452 4039 lactatus
468 3981 563 4056 atque
579 3972 740 4036 enutritus
755 3980 860 4051 csset;
883 3994 1002 4056 magna
1012 3973 1167 4037 nimirum
1182 3973 1319 4037 delecta-

314 4081 414 4156 tione,
436 4086 624 4141 caeterorum
647 4075 827 4160 postposito
851 4097 959 4140 amore
982 4076 1131 4155 filiorum,
1152 4077 1319 4140 affectatus

315 4192 364 4246 est
379 4205 400 4245 a
415 4183 520 4256 Patre.
554 4180 618 4244 Sed
630 4180 785 4263 quiajam
800 4179 944 4243 labentia
958 4186 1076 4243 cuncta
1090 4179 1198 4243 animo
1214 4179 1319 4262 subje-

315 4295 413 4363 cerat,
435 4292 468 4348 et
490 4293 611 4347 aeterna
628 4283 731 4366 magis
749 4304 845 4366 quam
864 4282 1034 4366 praesentia
1055 4283 1195 4364 cogitare
1215 4282 1319 4365 dispo-

317 4398 436 4467 suerat,
449 4410 523 4451 cum
538 4395 622 4451 esset
632 4409 791 4450 annorum
806 4387 933 4450 circiter
948 4391 1086 4468 quatuor
1096 4407 1152 4449 seu
1168 4386 1319 4469 quinque,

318 4494 380 4558 Dei
395 4492 524 4555 servitio
537 4512 570 4554 se
586 4491 758 4574 subjugare
768 4490 903 4569 studuit,
915 4490 1081 4571 multoque
1091 4489 1211 4554 mentis
1225 4511 1320 4554 cona-

315 4597 403 4661 mine
425 4594 465 4658 de
485 4593 702 4659 monasteriali
714 4595 837 4677 jugiter
852 4594 917 4658 vita
931 4593 1101 4658 insudare:
1132 4599 1170 4658 et·
1187 4593 1229 4658 ad
1249 4615 1320 4658 eam
