3259 5467
599 701 640 744 ιιι
656 701 833 744 nourrius
851 701 1037 745 sranonss.
1280 684 1320 746 75

310 845 405 909 nulla
426 846 584 928 aegritudo
606 846 779 911 conturbat
791 873 800 924 ;
831 846 877 910 ibi
900 849 1030 912 satietas
1052 847 1241 912 indeficiens
1265 849 1321 926 eis,

314 950 372 1033 qui
397 972 487 1014 nuno
513 951 661 1014 esuriunt
685 958 718 1015 et
744 951 860 1014 sitiunt
886 951 1048 1033 justitiam
1060 977 1069 1029 3
1103 952 1149 1015 ibi
1174 952 1321 1029 felicitas,

314 1076 414 1137 quam
429 1054 539 1117 nullus
559 1054 657 1119 timor
676 1054 874 1137 corrumpit;
897 1054 943 1119 ibi
959 1054 1113 1137 gaudium
1129 1055 1216 1138 quod
1230 1055 1322 1118 nulla

313 1157 449 1221 tristitia
474 1158 654 1236 consumit3
688 1156 734 1221 ibi
759 1164 882 1222 aeterna
907 1158 1009 1241 gloria
1034 1180 1109 1222 oum
1136 1159 1258 1241 angelis
1288 1166 1321 1222 et

315 1261 527 1344 archangelis,
544 1261 823 1345 compatriarchis
839 1268 872 1325 et
889 1261 1064 1345 prophetis,
1080 1282 1155 1324 oum
1170 1263 1321 1346 apostolis

315 1370 349 1428 et
372 1365 578 1449 martyribus,
599 1386 674 1428 oum
700 1364 934 1428 confessoribus
960 1373 994 1428 et
1019 1364 1115 1428 sacris
1140 1364 1320 1447 virginibus

315 1490 388 1551 quae
404 1474 584 1551 sequuntur
604 1468 771 1532 Christum
794 1489 997 1552 quocumque
1018 1467 1113 1546 ierit3
1136 1468 1183 1532 ibi
1198 1469 1321 1552 majora

314 1580 348 1636 et
363 1572 506 1650 meliora,
517 1572 663 1636 suaviora
678 1578 711 1636 et
726 1572 877 1650 dulciora,
885 1572 1078 1655 jucundiora
1088 1577 1121 1635 et
1133 1571 1321 1636 amabiliora

314 1676 437 1739 donata
451 1683 528 1739 sunt
549 1676 677 1754 sanetis,
695 1696 792 1758 quam
810 1674 874 1738 dici
894 1681 951 1738 aut
969 1674 1104 1757 cogitari
1119 1675 1230 1758 possit,
1246 1674 1322 1758 quia

314 1779 399 1843 siout
425 1779 502 1843 dioit
525 1778 709 1863 Apostolus,
733 1778 818 1862 quod
841 1779 945 1841 oculus
966 1799 1027 1841 aon
1047 1778 1136 1856 vidit,
1158 1798 1214 1841 nee
1236 1780 1323 1841 auris

316 1883 445 1960 audivit,
460 1903 517 1946 aec
530 1884 564 1945 ia
579 1902 633 1946 cor
647 1883 778 1945 bominis
793 1883 943 1960 ascendit,
957 1901 1022 1964 qua
1030 1883 1225 1962 preparavit
1235 1883 1321 1945 Deus

326 1986 515 2067 {uigentibus
538 2005 571 2049 se
600 1985 726 2068 gaudia,
752 1985 890 2068 adquae
912 2005 968 2048 vos
996 1983 1152 2066 perducat
1182 1984 1237 2067 qui
1265 2005 1320 2048 vos

314 2090 445 2154 creavit.
492 2090 582 2168 Haeo,
600 2089 699 2168 filioli,
722 2089 791 2153 haeo
809 2089 925 2152 fratres
948 2086 1113 2165 carissimi,
1137 2109 1209 2170 qnae
1229 2087 1319 2151 vobis

313 2193 482 2257 humiliter
492 2213 553 2274 ego
563 2198 711 2276 peccator
721 2213 776 2256 ore
786 2190 941 2275 suggessi,
952 2190 1156 2273 omnipotens
1168 2191 1318 2272 llinitas,

312 2299 411 2362 Pater
427 2303 460 2361 et
475 2297 575 2360 Filius
590 2304 622 2360 et
639 2297 935 2381 Spiritus-sanctus,
956 2318 1015 2359 sua
1033 2296 1152 2361 virtute
1171 2296 1316 2362 sensibus

312 2401 427 2466 vestris
444 2400 602 2464 salubrius
617 2407 651 2464 et
666 2401 754 2465 cordi
768 2400 929 2483 loquatur,
943 2399 999 2483 qui
1012 2400 1090 2464 vivit
1104 2407 1137 2464 et
1152 2408 1267 2484 regnat
1282 2401 1317 2465 in

313 2506 433 2570 saecula
447 2505 649 2569 saeculorum.
694 2505 811 2569 Amen.
