3259 5467
315 672 377 736 198
568 689 659 734 uorat
676 688 716 731 nr
731 687 847 731 varra
864 688 1057 733 inermum.

314 837 440 922 gorium
452 829 572 920 P'apam
585 835 683 919 dedit,
695 857 770 898 oum
780 834 981 918 percepisset,
993 835 1100 919 ipsum
1111 855 1170 920 per
1180 836 1304 901 arduam

315 940 357 1005 ad
375 940 613 1024 praedicandum
636 938 787 1022 gentibus
808 938 1022 1022 Evangelium
1044 940 1221 1024 suscepisse
1242 961 1305 1024 pro·

314 1045 461 1122 vinciam,
477 1042 658 1107 catechesin
673 1041 802 1106 adeum
821 1041 920 1120 misit,
936 1064 1000 1124 qua
1013 1051 1146 1126 possent
1161 1043 1223 1127 ipsi
1232 1064 1307 1126 gen·

314 1146 387 1210 tiles
401 1146 518 1209 instrui
532 1145 567 1208 in
583 1145 726 1208 articulis
740 1144 848 1207 fidei.’'
863 1144 908 1207 W

358 1251 418 1332 Ep.
441 1251 492 1325 12,
513 1271 543 1332 p.
560 1251 612 1326 38,
633 1249 654 1311 l.
676 1249 707 1310 6.
723 1248 1185 1312 maxime-maximaW=l.
1203 1251 1242 1312 11
1262 1247 1309 1312 de·

316 1353 607 1417 cretum—dictum
622 1353 665 1414 W
679 1353 715 1415 in
734 1373 836 1435 marg.
850 1380 884 1407 =
894 1373 924 1436 p.
946 1355 999 1431 39,
1013 1352 1036 1416 l.
1052 1352 1264 1417 3·consilium
1282 1359 1310 1415 et

316 1461 571 1519 consensum—“
579 1462 659 1539 puto
676 1455 850 1537 legendum
867 1455 1039 1519 concilium
1054 1463 1088 1519 et
1103 1476 1287 1519 conessum
1293 1456 1311 1485 ''

316 1567 396 1623 nota
409 1559 444 1623 in
457 1580 559 1641 marg.
576 1559 645 1622 cod.
662 1558 735 1622 Par.
752 1579 817 1641 seq.
833 1580 942 1623 manu.
956 1559 1020 1622 =l.
1038 1561 1057 1621 5
1074 1580 1258 1623 cum-om.
1272 1559 1311 1622 W

315 1664 352 1726 in
365 1684 467 1746 marg.
481 1688 515 1715 =
525 1662 547 1725 l.
564 1661 1027 1726 8Eoolesiasticus—-Cle1icus
1047 1662 1092 1725 W
1110 1663 1147 1726 in
1166 1684 1267 1745 marg.
1279 1691 1310 1718 =

317 1766 339 1830 l.
360 1770 404 1831 22
424 1766 702 1830 defendere—om.
723 1765 767 1827 W
786 1764 823 1827 in
845 1786 946 1848 marg.
960 1797 994 1824 =
1007 1787 1038 1849 p.
1059 1767 1113 1844 40,
1134 1766 1156 1828 l.
1178 1768 1201 1828 8
1220 1787 1313 1830 sex-

316 1871 375 1935 ubi
389 1892 444 1934 sex
458 1870 502 1933 W
515 1869 551 1932 in
565 1890 666 1952 marg.
679 1902 713 1928 =
724 1869 745 1932 l.
763 1871 803 1931 15
820 1868 904 1933 clare
916 1868 1261 1934 discemere—discere
1274 1869 1313 1932 W

318 1982 351 2041 et
366 1977 401 2040 in
416 1998 517 2059 marg.
533 1976 617 2040 clare
632 1975 753 2038 discere
764 2003 798 2030 =
808 1976 862 2054 lo,
877 1977 921 2039 20
937 1979 958 2010 “
969 1973 1128 2059 Comlom]
1155 1974 1263 2039 Hodie
1282 1974 1315 2037 in

319 2082 415 2146 sacris
444 2101 502 2163 pro
531 2079 650 2143 extima
674 2084 761 2142 veste
786 2099 885 2157 sacra,
910 2099 974 2162 qua
1003 2079 1100 2142 sacris
1129 2085 1315 2162 operatums

319 2184 468 2248 amicitur
491 2182 646 2261 sacerdos,
670 2181 835 2265 accipitur,
859 2189 955 2264 prout
980 2181 1016 2244 in
1039 2181 1196 2267 miraculo
1220 2181 1315 2246 etiam

320 2287 423 2350 sancti
446 2286 587 2350 casulam
621 2285 768 2349 eruentis
796 2285 963 2363 Althelmi,
989 2284 1029 2349 dc
1059 2305 1123 2369 quo
1146 2284 1240 2368 epist.
1264 2286 1313 2347 90.

319 2389 418 2474 Apud
426 2397 548 2453 veteres
562 2409 620 2471 pro
635 2388 831 2451 domuncula
840 2387 1013 2466 rusticana,
1029 2408 1132 2452 acasa
1142 2386 1236 2471 epist.
1244 2389 1314 2450 109.

321 2493 430 2556 Vestis
444 2513 518 2555 vero
533 2497 582 2554 est
597 2491 743 2573 quasdam
758 2490 858 2554 veluti
871 2490 1017 2573 proxima
1029 2489 1171 2554 hominis
1187 2491 1315 2555 domus:

321 2603 354 2659 et
370 2595 482 2658 domus
498 2601 547 2658 est
562 2593 651 2676 quasi
670 2594 833 2672 remotior,
849 2593 1047 2678 ampliorque
1060 2592 1168 2657 vestis.
1196 2593 1317 2658 'Raba-

321 2720 383 2761 nus
403 2697 459 2760 lib.
475 2697 503 2760 I.
520 2697 628 2760 Instit.
646 2697 750 2760 cleric.
771 2718 798 2761 c.
821 2699 874 2761 21.
921 2698 1037 2760 Camala
1056 2697 1173 2760 decitur
1194 2718 1216 2760 a
1237 2717 1316 2775 cosa,

322 2822 356 2865 eo
372 2801 454 2884 qaod
467 2807 563 2864 totam
577 2802 727 2863 homiaem
742 2806 836 2883 tepet,
852 2801 941 2883 quasi
954 2802 1056 2864 minor
1069 2821 1153 2864 caso.
1180 2800 1225 2865 ut
1238 2801 1317 2865 forte

322 2905 363 2969 ab
382 2902 522 2968 Hebraeo
543 2904 640 2968 verbo
661 2907 766 2983 carot,
783 2904 868 2988 quod
890 2911 939 2968 est
961 2910 1062 2986 tepere
1081 2925 1139 2968 seu
1156 2904 1284 2987 operire,
1300 2924 1318 2966 a

323 3030 386 3091 quo
400 3008 501 3071 Exod.
517 3011 569 3072 22.
586 3010 639 3073 25.
656 3007 719 3071 Job
734 3010 787 3072 24.
805 3011 835 3073 7.
851 3013 912 3071 etc.
929 3010 981 3071 31.
999 3010 1050 3071 19.
1076 3009 1199 3088 Cesatd,
1213 3007 1248 3071 id
1262 3013 1317 3086 est,

321 3114 424 3191 vestm,
440 3113 666 3194 operimentum,
682 3117 715 3175 et
729 3111 813 3175 forte
829 3111 931 3175 Gallis
951 3118 984 3175 et
1005 3110 1176 3176 Germanis
1192 3110 1318 3195 quibus·

323 3216 397 3279 dam
412 3237 571 3302 caraeque.
618 3216 682 3279 Sed
701 3215 773 3279 vide
794 3215 995 3298 Stephanum
1009 3214 1205 3279 Durandum
1219 3213 1274 3279 lib.
1289 3215 1317 3278 2.

324 3320 364 3383 de
385 3319 500 3383 ritibus
522 3319 608 3383 Eccl.
630 3341 657 3382 c.
679 3322 710 3383 9.
729 3319 834 3384 11:17.
880 3316 946 3382 Hic
966 3339 1026 3402 pro
1049 3318 1163 3383 villoso
1184 3319 1319 3403 quodam

323 3444 431 3505 panno
447 3423 585 3485 sumitur
604 3428 636 3486 et
656 3422 739 3485 forte
753 3429 852 3508 queat
871 3421 936 3505 legi
951 3422 995 3484 od
1012 3422 1157 3504 terendos
1163 3423 1270 3504 pedes,
1283 3428 1320 3485 ut

325 3546 374 3608 ep.
400 3527 451 3588 89.
478 3524 552 3589 licet
578 3546 627 3607 ep.
652 3527 683 3588 8.
706 3545 776 3588 non
802 3532 913 3608 queat,
933 3525 1008 3609 quia
1031 3525 1162 3590 additur
1183 3527 1232 3591 ibi
1256 3546 1320 3590 mm

325 3629 446 3690 loceris
493 3627 557 3691 Sed
572 3629 639 3692 haec
653 3628 773 3712 ubique
792 3629 897 3707 lectio,
914 3630 1012 3694 ctiam
1027 3629 1118 3714 epist.
1137 3632 1190 3694 ll.
1235 3631 1320 3695 Dum

326 3736 436 3794 autem
460 3730 577 3795 dieitur
604 3753 672 3795 non
696 3734 875 3811 holoserico,
900 3732 1029 3797 videtur
1051 3733 1235 3818 significari,
1258 3755 1321 3800 non

327 3854 395 3898 esse
411 3855 532 3897 sacram
547 3835 697 3914 casulam,
714 3857 785 3918 quae
799 3835 975 3900 holoserica
989 3835 1056 3900 fere
1070 3837 1154 3900 est.''
1169 3838 1223 3902 W.

370 3938 488 4002 Nescio
508 3960 550 4002 an
568 3939 604 4002 in
623 3939 685 4002 hoc
704 3939 775 4002 loco
794 3941 934 4003 villosam
955 3939 1155 4004 substantive
1169 3941 1321 4027 interpre-

325 4043 389 4109 tari
417 4042 584 4127 possimus,
615 4065 691 4106 nam
721 4044 828 4107 casula
858 4043 899 4107 ad
927 4042 1100 4127 tergendos
1124 4044 1223 4128 pedes
1252 4066 1323 4110 usos

327 4168 395 4211 esse
416 4153 523 4230 patres
544 4151 672 4209 nostros
694 4144 745 4209 vix
767 4146 921 4211 concedas
934 4147 999 4210 =l.
1015 4148 1061 4211 28
1075 4147 1255 4233 “Didyrm]
1283 4148 1323 4211 Se

327 4251 424 4334 hujus
447 4248 650 4313 Alexandriae
672 4248 708 4311 in
731 4249 858 4312 Divinis
882 4249 999 4313 litteris
1024 4249 1206 4314 auditorem
1229 4250 1324 4314 fixisse

328 4360 421 4417 notat
446 4354 479 4415 S.
506 4351 724 4436 Hieronymus
750 4352 842 4435 epist.
869 4354 911 4417 ad
936 4354 1060 4418 Pamm.
1088 4360 1121 4417 et
1147 4353 1323 4431 Oceanum,

329 4478 400 4538 quae
414 4455 546 4539 incipit:
572 4455 739 4519 Schedulae
754 4457 809 4519 &a
826 4463 859 4520 et
874 4457 914 4520 de
929 4457 1018 4521 eoin
1033 4456 1135 4520 Catal.
1153 4456 1222 4522 Sor.
1238 4454 1323 4520 Eccl.

333 4560 396 4622 sic:
417 4559 570 4639 Didymus
581 4560 814 4623 Alecoadmmm
825 4566 962 4641 captura
970 4581 1074 4642 pomo
1089 4562 1284 4624 oetoteoealia
1296 4564 1326 4622 et
