3259 5467
318 645 383 707 246
572 661 665 706 nora
682 659 722 703 nr
737 659 854 703 vsarn
871 658 1063 704 anemonas.

318 808 435 892 gensis,
455 809 549 892 eujus
570 807 669 872 etiam
688 825 783 884 cursa,
805 802 995 868 Willibaldo
1010 810 1106 884 teste,
1128 804 1274 870 ecelesiae
1291 804 1323 868 iu

317 910 464 976 confiniis
487 911 695 986 Francorum,
718 907 886 971 Saxonum
907 913 941 971 et
965 906 1135 972 Slovorum
1161 927 1323 971 commen-

318 1013 403 1078 data
417 1018 494 1077 sunt
509 1019 542 1076 et
556 1011 663 1075 Witta
679 1009 794 1093 (Wiao,
802 1008 993 1093 Wettanus)
1002 1010 1053 1074 vel
1065 1016 1107 1074 ut
1120 1030 1198 1075 eum
1213 1009 1325 1094 Lupus

321 1115 472 1180 Servatus
489 1115 608 1178 Latino
630 1134 685 1178 ore
705 1111 854 1196 appellat,
870 1111 1032 1176 Albuinus
1052 1112 1325 1197 Buriburgensis:

318 1239 396 1282 nam
428 1216 634 1281 Willibaldus
671 1213 862 1279 Eiehstadio
893 1215 1142 1298 praeponendus,
1177 1215 1325 1280 nondum

318 1320 500 1385 advenerat.
544 1317 771 1383 Burehardum
788 1317 825 1381 in
843 1316 968 1382 intimis
986 1317 1205 1382 Orientalium
1225 1319 1324 1383 Fran·

318 1443 429 1488 eorum
448 1421 594 1506 partibus
608 1421 644 1485 in
658 1421 738 1499 looo,
755 1418 810 1503 qui
831 1425 964 1485 vocatur
978 1419 1175 1504 Wirzaburg
1192 1443 1213 1484 a
1227 1422 1324 1486 Boni·

316 1525 400 1589 facio
414 1524 598 1608 episeopum
611 1528 807 1607 promotum,
815 1521 1022 1586 Willibaldus
1035 1521 1070 1585 in
1085 1522 1153 1586 vita
1167 1522 1325 1588 Bonifatii

318 1646 387 1712 esp.
411 1630 463 1691 10.
486 1626 594 1705 refert,
618 1632 651 1689 et
673 1624 797 1709 primus
820 1629 880 1703 est,
903 1623 959 1707 qui
980 1623 1147 1707 regionem
1168 1625 1324 1691 haetenus

318 1731 530 1813 Thur-ingiam
571 1728 691 1793 dietam
731 1727 878 1792 Franeioe
920 1727 1079 1792 Orientali
1115 1729 1324 1813 computavit.

318 1834 432 1898 Wittae
453 1830 701 1897 consecrationis
723 1851 820 1895 nemo
842 1829 992 1895 meminit
1002 1855 1013 1909 ;
1043 1830 1100 1896 sed
1133 1851 1208 1896 eam
1237 1852 1324 1896 nune

318 1935 501 2019 contigisse,
521 1956 568 2014 ea,
592 1954 664 2017 quse
686 1955 763 1998 mox
781 1933 959 2012 audiemus,
977 1940 1011 1998 et
1033 1933 1196 1999 Zacharia
1217 1935 1323 2018 ponti·

318 2039 386 2104 ficis
405 2040 524 2103 litterae
541 2037 728 2102 ostendunt.
773 2035 981 2100 Willibaldus
1001 2059 1020 2102 a
1037 2037 1207 2102 Bonifaoio
1229 2037 1322 2102 advo·

318 2149 411 2208 eatam
435 2141 534 2206 etiam
558 2161 634 2204 mox
657 2139 858 2204 adveniebat.
902 2139 1069 2204 Notabilia
1094 2146 1173 2205 sunt
1197 2140 1323 2205 Sancti·

318 2245 466 2309 monialis
481 2241 786 2307 Heidenheimensis
801 2242 842 2306 de
858 2243 891 2306 S.
903 2242 1091 2307 Willibaldo
1106 2262 1134 2307 c.
1149 2245 1204 2307 20.
1215 2243 1322 2322 verba,

319 2368 359 2412 ex
376 2347 493 2431 quibus
508 2352 637 2429 tempus
657 2351 690 2409 et
707 2345 815 2408 looum
834 2345 948 2430 synodi
968 2343 1137 2410 celebratae
1159 2345 1321 2410 discimus.

318 2451 403 2515 Cum
418 2451 507 2514 enim
520 2449 683 2513 retulisset
693 2448 919 2513 Willibaldum
931 2447 1126 2513 aBonifaoio
1140 2447 1177 2512 in
1190 2448 1322 2533 presby·

318 2561 425 2617 terum
435 2559 656 2618 consecratum
668 2550 766 2636 (quod
778 2568 864 2616 anno
879 2551 1039 2616 DOCXL.
1047 2551 1184 2635 foetum)
1197 2552 1321 2636 pergit:

317 2656 362 2719 Et
380 2662 551 2738 postquam
570 2655 665 2718 unius
688 2655 767 2719 anni
787 2655 947 2720 transibat
969 2655 1106 2720 circulus
1131 2653 1249 2738 (idest
1270 2671 1322 2719 an.

318 2758 510 2840 DCCXLI.)
528 2764 659 2821 sanctus
676 2757 862 2823 Bonifaoius
881 2757 1032 2842 praeoepit
1050 2757 1108 2837 illi,
1123 2763 1162 2822 ut
1179 2758 1217 2823 in
1235 2757 1320 2822 'lhu-

317 2861 458 2944 ringiam
481 2861 523 2924 ad
548 2880 582 2924 se
608 2859 750 2939 veniret3
774 2860 949 2945 statimque
970 2861 1172 2926 venerandus
1195 2861 1252 2926 ille
1273 2861 1320 2925 vir

318 2965 382 3031 Dei
398 2965 432 3029 S.
447 2963 653 3028 Willibaldua
675 2963 855 3028 seeundum
866 2963 1045 3048 jussionem
1061 2965 1094 3029 S.
1110 2963 1272 3030 Bonifaeii
1285 2963 1320 3028 in

316 3067 527 3151 Thuringiam
548 3066 709 3131 veniebat.
752 3068 875 3132 Narrat
896 3088 1012 3151 porro:
1038 3066 1265 3132 Willibaldum
1285 3066 1321 3132 in

317 3171 434 3237 itinere
448 3170 593 3236 invisisse
609 3168 851 3234 Heidenheimii
867 3170 1001 3235 tranem
1017 3171 1272 3251 wunebaldum,
1288 3176 1320 3236 et

317 3275 441 3359 pergit:
464 3272 552 3338 Illud
571 3272 635 3336 fuit
652 3273 841 3337 autumnale
858 3279 996 3358 tempus,
1017 3274 1147 3358 quando
1165 3275 1200 3339 S.
1215 3273 1319 3339 Willi-

316 3377 430 3442 baldus
451 3376 600 3441 veniebat
620 3375 657 3439 in
676 3374 899 3458 Thuringiam,
914 3376 1089 3460 statimque
1109 3382 1320 3460 posteaquam

316 3481 394 3544 illue
413 3479 562 3544 veniebat
580 3485 712 3543 sanetus
730 3479 920 3544 Bonifaoius
937 3479 1205 3565 Archiepiaeopus
1223 3488 1318 3563 atque

318 3584 350 3646 S.
377 3581 582 3645 Burohurdus
606 3588 640 3646 et
661 3581 757 3647 Wiao
777 3603 878 3646 saorae
905 3582 1108 3667 episoopatus
1135 3581 1319 3648 auctoritati

316 3685 410 3749 illum
437 3683 617 3749 ordinando
649 3692 913 3751 consecraverunt.
972 3686 1074 3753 Paulo
1106 3691 1180 3770 post
1209 3686 1317 3757 addit:

315 3788 454 3853 Sanctus*
488 3787 683 3850 thibaldus
711 3789 833 3871 quoodo
861 3790 896 3853 ia
923 3790 1099 3871 miremur
1125 3796 1321 3854 consecrem

315 3898 394 3971 erat,
416 3892 548 3955 habebat
569 3891 778 3975 quodraytuto
800 3912 897 3956 aanor
915 3898 947 3956 et
965 3913 1082 3968 uuumr
1102 3899 1133 3957 et
1155 3900 1230 3959 tuoe
1251 3900 1319 3959 erat

316 3996 494 4060 autumnale
514 4000 651 4076 tempus:
676 3996 760 4059 eirea
778 3997 865 4058 illum
871 3994 945 4078 fere
963 3998 1072 4060 luorum
1093 3997 1193 4061 tabas
1207 3998 1318 4062 rebdo-

316 4099 457 4162 modibos
471 4104 543 4161 oute
558 4099 664 4161 natale
678 4097 712 4161 S.
728 4099 868 4162 Martini
886 4100 921 4163 iu
934 4100 1108 4183 episcopm
1122 4106 1319 4164 cmueorotur

316 4209 371 4280 est,
395 4204 429 4264 ia
453 4204 528 4281 loco,
554 4202 607 4283 qui
631 4202 746 4264 dieitur
772 4202 931 4286 Sollertem.
974 4202 1169 4288 Anonymus
1190 4202 1229 4267 in
1252 4203 1318 4268 rita

316 4303 495 4368 Willibaldi
516 4303 605 4367 huno
626 4304 733 4368 locum
754 4304 870 4369 urbem
894 4304 1052 4389 Salnburg
1073 4306 1317 4390 appallateam

316 4414 458 4472 oestrum
492 4407 597 4471 dicere
626 4406 800 4473 debuisset.
859 4407 1072 4474 Pertinebant
1106 4409 1148 4474 ad
1175 4415 1317 4473 castrum

315 4511 415 4575 hocce
436 4531 539 4593 pagus
558 4509 720 4592 Salagewe
739 4512 790 4574 vel
817 4511 965 4594 Salagau,
989 4513 1140 4597 sylvasque
1165 4511 1317 4576 Salaforst
