3259 5467
284 690 350 754 244
542 703 636 747 NO’I'AE
652 702 693 746 H*
708 701 824 747 vam
841 702 1035 746 ascalonus.

281 846 425 932 juratam
454 841 618 927 sugillant,
642 847 756 925 utpote
784 840 934 925 primitus
958 863 978 905 a
1003 842 1172 909 Bonifacio
1196 846 1289 930 depo-

285 949 391 1027 sitam,
422 968 498 1011 cum
527 945 608 1009 scire
636 943 792 1009 deberent
825 964 864 1007 ex
893 943 1027 1009 historia
1055 946 1289 1027 Ecclesiastica,

285 1050 375 1115 illam
389 1049 450 1114 sub
467 1047 595 1113 Gelasio
615 1045 680 1110 ΡΡ.
696 1045 781 1110 circa
801 1045 901 1109 finem
921 1047 1030 1110 saeculi
1045 1048 1087 1112 V.
1104 1048 1175 1133 jam
1191 1051 1291 1115 usita-

285 1158 364 1217 tam.
410 1152 549 1232 Insuper
571 1146 820 1232 prudentissime
849 1147 916 1231 egit
947 1148 1125 1232 Gregorius
1151 1152 1199 1216 II.
1227 1153 1290 1217 ΡΡ.

285 1255 371 1319 hanc
387 1253 629 1338 'professionem
657 1249 825 1334 exigendo,
838 1304 842 1312 .
855 1272 929 1315 cum
958 1251 1145 1318 Bonifacius
1168 1255 1245 1320 licet
1273 1278 1292 1320 a

287 1355 424 1423 Daniele
445 1354 604 1439 Episcopo
624 1353 755 1437 Angliae
772 1352 1030 1433 commendatus,
1054 1355 1168 1422 Romae
1197 1359 1292 1443 plane

286 1457 419 1541 ignotus
434 1477 452 1520 e
467 1476 568 1539 regno
582 1456 679 1538 longe
694 1455 807 1518 dissito
819 1454 942 1520 advena
955 1456 1137 1522 mittendus
1150 1452 1237 1524 esset
1252 1460 1292 1524 ad

287 1558 529 1647 praedicandum
558 1557 679 1622 Christi
704 1557 918 1640 Evangelium
947 1559 984 1621 in
1010 1559 1293 1646 Germaniaque.

288 1661 467 1735 diutissime
496 1661 576 1745 jam,
606 1666 645 1724 ut
673 1659 758 1724 infra
786 1659 975 1741 videbimus,
1004 1662 1291 1749 Archiepiscopum

287 1787 356 1849 non
377 1765 503 1829 habuit.
546 1763 695 1828 Antistes
717 1762 773 1827 ille
796 1763 861 1828 dici
883 1764 1061 1829 mereretur
1085 1765 1297 1850 improvidus·

289 1867 345 1952 qai
374 1867 531 1943 sacerdoti
559 1880 626 1933 non
654 1865 791 1949 probato
819 1866 915 1949 plane
943 1867 1057 1950 ignoto
1085 1889 1199 1933 curam
1225 1871 1292 1934 ani-

288 1991 416 2034 marum
450 1969 666 2034 concrederet.
705 1968 871 2052 ¹Insuper
904 1969 1093 2034 Bonifatius
1124 1972 1293 2055 negotium

289 2073 449 2137 missionis
479 2093 605 2136 sacrum
633 2071 669 2135 in
699 2071 875 2137 Germania
904 2072 1003 2155 gessit
1032 2095 1111 2141 cum
1133 2095 1293 2139 consensu

290 2175 477 2259 Principum
493 2182 590 2258 atque
604 2174 870 2259 Episcoporumss’
884 2176 939 2240 W.
1175 2170 1178 2175 ’

452 2529 453 2532 ‘
521 2628 523 2633 ¹
630 2548 697 2612 111.
720 2544 957 2632 concrum.

334 2801 439 2865 Couc.
470 2799 499 2864 I.
528 2821 560 2882 p.
588 2799 772 2862 ll—Anno
797 2799 862 2863 740
886 2797 1088 2882 “Synodum
1110 2799 1172 2864 hoc
1195 2801 1292 2866 Anno

291 2903 449 2975 DCCXL.
466 2926 485 2967 a
501 2904 534 2966 S.
550 2901 717 2966 Bonifacio
730 2901 767 2964 in
778 2901 915 2965 Bavaria
929 2900 1134 2982 celebratam,
1145 2912 1292 2968 asserunt

291 3007 450 3090 Beronius
463 3005 605 3072 historice
615 3003 839 3068 'ecclesiasticae'
852 3024 978 3087 parens,
988 3008 1028 3068 'et
1044 3003 1238 3088 Spondanus
1253 3006 1293 3070 ad

290 3110 378 3174 hunc
408 3131 547 3172 annum:
560 3106 781 3182 ,Mabillonius
811 3106 928 3170 sarculo
953 3106 1022 3170 ΠΙ.
1046 3112 1144 3171 actor.
1172 3101 1300 3172 ordinis

293 3213 326 3275 S.
343 3211 511 3275 Benedicti
531 3216 622 3294 parte
641 3208 691 3272 II.
713 3207 749 3271 in
766 3208 855 3271 notis
875 3207 917 3271 a'd
935 3229 964 3272 c.
986 3208 1028 3273 X.
1043 3209 1119 3273 vitae
1138 3209 1172 3274 S.
1188 3210 1293 3275 Willi-

291 3312 398 3392 baldi3
421 3314 582 3377 Eckartus
601 3312 640 3375 L.
655 3310 860 3374 XXH.'hist.
882 3311 996 3374 Eranc.
1011 3311 1056 3374 N.
1075 3311 1136 3375 XI.
1159 3312 1294 3378 Marcus

292 3414 466 3501 Hansiaius
498 3416 589 3478 Tum.
619 3414 648 3478 I.
684 3414 810 3478 Germ.
827 3413 932 3477 Sacrae
963 3434 1037 3496 pag.
1069 3416 1143 3479 124.
1179 3414 1294 3480 Editor

292 3516 539 3581 Meichelbeckii
553 3516 589 3579 in
603 3516 791 3600 praefatione
802 3515 955 3582 Chronici
966 3516 1292 3596 Benedicta-Buram,

290 3621 336 3685 N.
352 3620 480 3683 XXXI.
496 3626 611 3702 etseq.

336 3722 538 3786 Contrarium
567 3721 752 3806 opinionem
778 3720 1027 3786 olmissimomm
1049 3721 1192 3787 virorum
1213 3722 1292 3804 Pagi

291 3823 327 3887 in
347 3824 459 3887 critica
480 3824 521 3888 ad
543 3846 596 3889 an.
612 3823 813 3889 DCCXLII.
834 3830 868 3888 et
885 3823 997 3887 Mansi
1014 3823 1051 3888 in
1068 3824 1293 3909 supplemento

291 3927 500 4004 conciiiorum
527 3928 619 3992 Tam.
654 3928 682 3991 I.
712 3927 851 4010 primam
882 3927 916 3990 S.
946 3926 1104 3991 Bonifacii
1133 3926 1292 4011 synodum

291 4029 511 4094 differentium
530 4030 572 4094 ad
589 4052 713 4095 annum
730 4028 930 4108 DOCXLII,
948 4028 1079 4113 speciali
1095 4028 1292 4113 digressione

290 4133 439 4217 posthoc
454 4134 606 4198 saecidum
621 4131 886 4197 examinabimus.

334 4236 440 4300 Locus
454 4236 582 4302 concilii
594 4235 690 4319 hujus
705 4235 925 4300 incertus'est:
939 4233 1001 4299 hoc
1015 4239 1140 4298 certum
1155 4232 1291 4313 videtur,

291 4339 378 4422 quod
391 4339 427 4401 in
441 4339 591 4423 Bajoaria
604 4339 803 4403 celebratum
817 4338 870 4416 sit,
884 4338 935 4403 vel
948 4337 1117 4422 Augustae,
1128 4342 1166 4401 ut
1181 4335 1293 4401 Ponti-

289 4442 342 4510 fex
361 4448 514 4521 suaserat,
533 4443 585 4507 vel
598 4443 694 4526 juxta
714 4441 819 4525 ripam
840 4440 995 4506 Danubii.
1039 4440 1203 4505 Eckartus
1224 4438 1292 4504 Eri·

290 4543 412 4627 singiae,
427 4544 541 4610 Editor
556 4544 804 4610 Meichelbeckii
819 4543 1007 4611 Ratisbonse
1022 4542 1174 4609 habitum
1187 4542 1290 4627 putat.
