3259 5467
315 664 382 726 224
567 681 661 724 nora
677 681 718 722 sr
733 680 850 723 vaura
866 679 1061 723 eromenes.

314 827 395 891 Erat
421 826 548 911 quippe,
568 825 675 910 inquit
697 825 784 910 Eigil
805 827 842 889 in
864 825 931 889 vita
953 824 987 888 S.
1006 823 1158 904 Sturmii,
1177 827 1319 910 pontifex

313 936 444 994 sanetus
467 929 605 993 nimium
629 929 738 993 animo
760 929 919 1007 intentus,
942 928 1029 1013 quod
1051 935 1166 1012 postea
1194 930 1320 1008 claruit,

313 1032 535 1097 monachicam
562 1032 599 1096 in
628 1032 802 1097 solitudine
830 1031 1001 1097 instituere
1032 1033 1319 1097 conversationem.

315 1136 439 1200 Sternit
453 1137 562 1220 itaque
577 1137 704 1200 asinum
719 1158 815 1200 suum
833 1136 1006 1215 Sturmius‚
1019 1143 1192 1221 sumtoque
1206 1137 1322 1201 viatico

315 1241 401 1303 solus
415 1239 577 1322 profectus
591 1239 627 1303 in
644 1239 866 1304 Buchonicam
886 1239 1008 1324 sylvam
1029 1240 1128 1304 altius
1149 1247 1319 1324 penetrat3

313 1343 403 1406 venit
423 1342 560 1406 subinde
582 1343 623 1406 ad
644 1343 739 1422 viam,
755 1365 829 1426 quae
850 1364 871 1407 a
892 1341 1139 1426 Thuringorum
1157 1342 1322 1426 provincia

313 1445 478 1509 mercandi
492 1446 597 1528 gratia
610 1453 781 1529 pergentes
797 1446 1047 1528 Magantiacum
1058 1445 1210 1511 ducebat
1257 1445 1321 1509 Hie

313 1547 449 1612 offendit
480 1548 647 1612 Slavorum
676 1548 920 1611 multitudinem
952 1548 1131 1612 lavantium
1158 1548 1197 1612 in
1225 1568 1321 1612 amne

314 1651 428 1715 Ilulda.
474 1650 599 1716 Quarto
619 1651 671 1714 die
694 1651 804 1734 attigit
824 1651 941 1731 locum,
957 1650 1015 1715 ubi
1036 1650 1194 1736 Gysilaha
1208 1651 1320 1715 Fuldae

314 1754 467 1819 miscetur
482 1761 515 1817 et
530 1754 690 1838 paulisper
703 1775 891 1838 progressus
906 1754 948 1819 sd
963 1754 1109 1819 semitam
1121 1755 1222 1818 Ortes
1235 1775 1320 1832 veen,

314 1859 376 1924 hoc
391 1865 449 1936 est,
467 1857 556 1921 Ortis
577 1856 629 1920 via
651 1857 776 1921 delatus
797 1864 857 1921 est.
904 1857 969 1922 Hic
985 1863 1174 1941 pernoctare
1192 1857 1321 1921 animus

314 1968 393 2039 erat,
409 1960 465 2025 sed
486 1959 600 2023 incidit
617 1959 700 2024 forte
719 1960 852 2024 fortuna
870 1960 905 2022 in
922 1959 1097 2038 hominem,
1113 1960 1170 2043 qui
1183 1981 1225 2024 ex
1239 1980 1323 2044 pago

314 2063 500 2128 Wetereiba
513 2063 654 2140 veniens,
667 2062 791 2127 domini
806 2063 855 2127 sui
870 2063 959 2128 Ortis
974 2084 1094 2147 equum
1108 2084 1211 2127 manu
1225 2063 1322 2128 duce-

314 2167 372 2231 bat
396 2174 434 2230 et
453 2167 549 2251 sylvae
571 2173 717 2230 exactam
746 2167 966 2250 coguitionem
994 2166 1157 2244 habebat3
1188 2166 1231 2231 ab
1260 2167 1322 2231 hoc

314 2269 449 2333 nomina
468 2269 623 2346 locorum,
641 2269 836 2332 torrentium
858 2290 998 2348 cursum,
1020 2269 1162 2334 fontium
1183 2269 1321 2333 conditi-

314 2394 411 2435 onem
435 2372 567 2455 aecepit.
612 2372 781 2451 Eihlohao,
801 2372 864 2436 hoc
887 2378 947 2451 est,
970 2377 1159 2455 quercetum
1180 2372 1320 2456 appella·

314 2475 412 2538 batur
425 2475 524 2552 locus,
536 2474 593 2537 ubi
607 2473 703 2538 ambo
718 2481 847 2538 noctem
862 2481 1097 2558 transegerant.
1121 2475 1225 2539 Mane
1235 2474 1321 2539 facto

319 2578 482 2641 Sturmius
497 2578 634 2659 perrexit
649 2578 691 2641 ad
707 2584 887 2642 torrentem
902 2578 1099 2643 Grearibach
1112 2587 1147 2644 et
1161 2581 1323 2665 paulisper

315 2700 479 2763 regressus
502 2680 627 2742 invenit
648 2681 782 2745 tandem
804 2683 912 2746 locum
934 2682 1131 2747 monasterio
1152 2683 1322 2748 condendo

318 2791 546 2866 opportunum.
591 2783 672 2846 Mox
687 2783 728 2847 ad
743 2784 947 2848 Bonifacium
966 2785 1002 2848 in
1019 2784 1180 2850 Seleheim
1192 2808 1321 2851 moran·

317 2894 386 2950 tem
401 2885 571 2969 profectus,
587 2887 693 2950 locum
708 2908 728 2951 a
742 2908 776 2951 se
790 2895 965 2971 repertum,
981 2887 1012 2952 ei
1031 2889 1193 2955 narrando
1208 2889 1321 2974 adpro·

318 2989 416 3053 bavit.
441 2989 519 3054 Non
528 2989 590 3053 levi
600 2989 747 3073 perfusus
759 2991 877 3073 gaudio
891 2991 1199 3076 S.Arnhiepiseopus
1209 2993 1323 3057 eremi-

319 3100 387 3157 tam
405 3115 509 3170 suum,
525 3093 571 3157 sic
594 3093 776 3156 Sturmium
794 3093 966 3172 vocitabat,
982 3094 1101 3158 sanetis
1120 3096 1323 3160 sermonibus

317 3196 471 3261 instruxit
496 3205 529 3260 et
556 3197 653 3260 sacris
679 3197 845 3279 scripturae
870 3198 1040 3261 sententiis
1063 3198 1105 3263 sd
1134 3199 1322 3264 monastica

318 3302 392 3364 vitae
415 3321 557 3364 amorem
581 3299 738 3362 incitavit.
783 3300 942 3364 Bonifacii
966 3301 1028 3365 hoc
1051 3308 1121 3366 erat
1142 3303 1322 3382 eonsilium,

316 3411 356 3466 ut
371 3403 509 3466 eoenobii
523 3402 684 3467 condendi
698 3410 731 3466 et
746 3403 840 3466 fundi
854 3404 1083 3487 proprietatem
1097 3405 1243 3484 haberet,
1260 3428 1323 3490 quo

318 3505 400 3568 illud
415 3527 434 3568 a
447 3527 561 3588 regum
581 3512 614 3569 et
635 3506 754 3569 ducum
776 3506 1008 3587 vexationibus,
1024 3529 1096 3591 quae
1110 3509 1219 3574 Caroli
1234 3510 1322 3574 Mar·

318 3608 388 3671 telli
402 3608 547 3691 exemplo
566 3608 760 3673 invalescere
776 3609 985 3692 incipiebant,
1001 3617 1111 3676 tutum
1125 3619 1159 3676 et
1174 3633 1323 3676 securum

319 3716 413 3774 esset.
459 3710 591 3773 Fundus
611 3711 784 3776 maximam
803 3719 929 3796 partem
944 3713 1174 3778 Oarolomanni
1192 3715 1323 3800 majoris

320 3813 433 3877 domus
459 3820 528 3877 erat
553 3815 699 3897 proprius
710 3840 720 3893 3
752 3815 793 3879 ad
817 3816 905 3879 huno
929 3816 1040 3899 itaque
1060 3816 1233 3899 profectus,
1256 3839 1324 3882 non

318 3917 415 3981 modo
430 3917 536 3980 locum
551 3917 635 3982 dono
649 3918 801 3998 obtinuit,
811 3919 868 3983 sed
883 3926 916 3982 et
926 3919 1025 3998 istud,
1034 3926 1073 3983 ut
1084 3919 1190 3983 missis
1197 3921 1323 3984 nuntiis

319 4042 432 4084 omnes
447 4021 530 4085 viros
549 4021 684 4100 nobiles,
700 4022 757 4104 qui
773 4021 808 4084 in
826 4044 910 4106 pago
933 4022 1081 4106 Grapfelt
1102 4022 1322 4100 morabantur,

320 4132 540 4206 congregaret,
562 4144 678 4207 eosque
695 4130 835 4206 rogaret,
850 4132 889 4189 ut
907 4125 1102 4208 quicumque
1118 4125 1156 4189 in
1176 4125 1248 4190 loeo
1268 4125 1323 4189 illo

319 4225 440 4308 aliquid
453 4226 618 4309 proprium
637 4226 800 4291 videretur
818 4226 947 4306 habere,
963 4227 1052 4291 istud
1070 4227 1240 4292 Bonifaeio
1256 4234 1321 4291 tra·

320 4329 395 4391 dere
424 4337 458 4392 et
487 4329 607 4393 donare
635 4350 678 4392 ne
709 4337 906 4412 gravaretur.
962 4330 1099 4413 Sequuti
1126 4337 1205 4395 sunt
1233 4330 1322 4395 dueis

319 4432 501 4513 exemplum
521 4432 651 4511 subditi,
667 4453 813 4516 proceres
834 4440 867 4497 et
886 4433 1020 4513 nobiles,
1035 4439 1148 4499 summo
1167 4432 1320 4517 archiepi-

317 4556 421 4617 scopo,
444 4534 599 4619 quidquid
622 4537 763 4620 petebat,
786 4537 961 4602 tradentes.
1008 4537 1125 4617 Fundi,
1147 4536 1199 4601 his
1223 4537 1319 4602 dona·
