3259 5467
386 699 451 762 242
642 715 736 759 nora
753 715 793 759 rr
808 715 925 759 viarm
942 714 1133 761 pecorosus.

383 859 420 925 in
433 859 573 925 fornaoo.
612 857 677 923 Sed
691 856 754 921 ista
764 855 842 920 huio
854 855 926 923 loeo
936 877 1005 922 non
1018 857 1171 924 oonvenlt
1186 858 1390 942 significatio.

344 967 349 971 “
384 963 441 1030 An
468 960 571 1045 igitur
592 981 650 1044 pro
673 957 800 1024 cucullo
822 958 978 1042 ponitur?
1022 959 1125 1024 Cooos
1153 968 1271 1026 vocant
1293 963 1392 1032 ,hodio

385 1063 525 1148 Hispani
556 1062 694 1147 majores
729 1061 885 1145 quasdam
919 1082 1020 1127 nuoes
1054 1063 1194 1142 Indicas,
1225 1084 1244 1129 o
1274 1065 1391 1149 quibus

382 1167 508 1252 potoria
525 1167 611 1230 finnt
629 1165 745 1250 pocula
759 1164 857 1248 virgis
876 1164 1048 1249 limbisque
1062 1167 1225 1249 argenteis
1242 1169 1390 1232 ornata.’'

382 1271 428 1335 W
440 1294 475 1323 =
486 1269 706 1334 Gunnam-“
716 1268 774 1332 An
790 1267 895 1351 gurda
913 1273 972 1346 ost,
993 1289 1066 1352 quae
1084 1269 1181 1333 vestis
1201 1269 1283 1346 vilis,
1303 1270 1389 1335 ideo-

384 1393 447 1457 que
465 1371 631 1439 monachis
646 1371 812 1454 congrua?
834 1370 976 1439 Videtur
996 1371 1084 1436 enim
1099 1372 1185 1455 apud
1205 1373 1239 1437 S.
1259 1372 1389 1456 Augus-

382 1475 502 1555 tinum,
521 1496 572 1559 ep.
593 1473 683 1538 LVI.
704 1473 810 1556 gurda
831 1473 895 1540 dici
914 1473 1007 1557 quasi
1030 1495 1102 1557 quae
1124 1473 1244 1558 gordos
1267 1475 1389 1542 deceat.

384 1579 513 1645 Gnrdos
534 1598 610 1643 vero
630 1596 689 1660 pro
714 1576 838 1642 stolidis
860 1576 1130 1661 vulgus-aooepit,
1152 1577 1259 1661 inquit
1287 1577 1344 1643 lib.
1369 1579 1386 1642 1

382 1680 605 1748 Quintilianus
619 1676 622 1682 ’
634 1701 703 1763 cap.
734 1682 766 1743 5.
818 1679 865 1742 At
893 1679 948 1746 hio
977 1679 1071 1764 epist.
1101 1680 1191 1747 LIX.
1222 1678 1342 1746 dieitur
1370 1702 1389 1747 e

381 1785 541 1848 lutrarum
555 1781 693 1867 pellibus
707 1782 888 1848 oonstare.”
904 1781 949 1847 W
960 1811 994 1840 =

425 1888 486 1969 Ep.
504 1889 577 1964 109,
592 1909 625 1970 p.
640 1888 716 1964 231,
733 1884 1014 1972 lWiobertus-“
1023 1884 1263 1952 Fridslariensis
1277 1886 1388 1953 Abbas

382 2010 432 2074 ep.
449 1992 501 2068 17,
516 1995 549 2054 et
565 1991 638 2067 102,
656 1990 720 2052 110
733 1989 837 2053 ordin.
855 1988 1000 2053 Serrar.'’
1014 1988 1059 2052 W
1069 2016 1105 2046 =

424 2093 485 2177 Ep.
507 2094 580 2170 119,
595 2114 626 2175 p.
643 2095 718 2170 244,
732 2093 778 2157 28
798 2088 1133 2156 Hrothuin-“Infra
1152 2111 1203 2176 ep.
1226 2091 1297 2157 CX.
1318 2091 1387 2156 ord.

384 2194 506 2258 Serrar.
515 2193 645 2259 videtur
653 2194 859 2262 amanuensis
869 2193 967 2258 fuisse
977 2193 1018 2257 B.
1029 2192 1225 2278 Wigberti,”
1237 2194 1342 2259 &oW
1352 2223 1385 2251 =

424 2299 486 2381 Ep.
510 2300 584 2377 154,
599 2299 712 2363 “'Haeo
737 2298 873 2383 epistola
897 2304 931 2363 et
953 2297 1028 2363 duae
1056 2318 1129 2381 quae
1151 2305 1344 2381 sequuntur,
1368 2318 1387 2363 a

379 2401 615 2466 Wurdtwoinio
633 2401 775 2484 primum
789 2401 885 2466 editae
905 2406 1015 2465 sunto
1035 2400 1145 2465 codiee
1159 2401 1385 2467 Omlsruhana.

381 2503 475 2566 “Est
504 2510 615 2567 autem
643 2502 744 2568 codex
764 2502 826 2567 iste
847 2522 1063 2586 pergamenus
1084 2501 1120 2566 in
1141 2502 1247 2568 forma
1275 2510 1386 2570 octava

380 2603 520 2687 oblonga
533 2605 704 2668 continens
718 2604 870 2689 epistolas
884 2604 1064 2687 nonaginta
1078 2611 1111 2670 et
1125 2612 1200 2670 ooto
1217 2604 1257 2690 (si
1271 2626 1385 2671 nume-

378 2706 497 2771 raveris
512 2707 612 2771 etiam
625 2707 702 2770 folia
716 2707 907 2791 deperdita).
937 2706 1055 2773 Tribus
1068 2707 1193 2773 ultimis
1207 2707 1286 2773 huio
1296 2709 1385 2792 operi

379 2809 563 2874 coronidem
572 2809 777 2894 imponimus.
800 2809 849 2874 01.
861 2809 1063 2875 Gorokenius
1078 2809 1219 2875 amultis
1233 2810 1384 2894 operibus

378 2911 760 2995 historico-diplomatiois
788 2912 976 2977 notissimus
1005 2912 1149 2978 oodioem
1178 2912 1266 2978 cirea
1284 2914 1384 2978 finem

378 3015 486 3080 saeculi
508 3015 541 3079 X
561 3014 717 3099 scriptum
738 3021 859 3094 censet,
882 3014 1090 3099 ejusdemque
1118 3015 1303 3099 exemplum
1328 3014 1383 3097 aeri

376 3117 514 3184 incisum
528 3118 693 3182 Itinerarii
708 3138 766 3181 suo
780 3124 871 3182 tomo
885 3118 937 3182 IV
951 3116 1094 3201 proxime
1109 3117 1235 3183 mendo
1249 3118 1383 3184 inseret.

376 3221 455 3287 Post
477 3221 646 3305 epistolam
664 3220 907 3304 nonagesimam
931 3227 1077 3286 octavam
1097 3240 1167 3286 non
1188 3221 1382 3304 completam

376 3324 495 3407 legitur
522 3324 615 3387 Aaou
645 3324 804 3387 millesimo
833 3324 1030 3406 aonopesim
1061 3323 1195 3387 remando
1223 3323 1280 3387 IX
1304 3324 1382 3388 Kal.

376 3428 499 3507 Aprilis
513 3427 802 3508 transmiprooimus
821 3427 859 3490 de
879 3427 994 3491 Sancto
1008 3426 1138 3490 Aurelio
1159 3427 1230 3490 luo.
1274 3425 1384 3491 Verba

376 3530 414 3591 de
429 3530 544 3592 Sancto
558 3530 687 3592 Aurelio
702 3528 876 3611 indigitare
889 3528 1123 3593 monasterium
1134 3525 1379 3612 Hirsaugiense,

375 3631 462 3713 quod
478 3631 511 3693 S.
523 3630 648 3694 Aurelii
662 3632 743 3696 cella
757 3636 974 3715 nuncupatur,
988 3652 1065 3696 voro
1079 3630 1256 3697 admodum
1277 3632 1379 3696 simile

373 3741 440 3799 est:
463 3733 520 3799 sed
540 3734 689 3816 quisnam
709 3736 798 3803 loeus
820 3755 878 3820 per
899 3737 959 3799 duo
980 3733 1193 3818 intelligatur,
1215 3734 1378 3800 inoertum

374 3837 518 3900 manet.''
534 3837 587 3900 W.
