3259 5467
611 720 764 766 sacroue
781 721 1008 766 wiuarsaano.
1251 692 1310 769 151

310 867 366 951 pla
396 867 529 932 arduam
564 866 701 932 eoelestis
737 866 960 950 intelligentiae
996 867 1143 932 semitam
1180 869 1314 935 feliciter

311 971 481 1050 scandens,
493 992 530 1034 ac
544 970 698 1054 praevium
713 970 838 1054 populis
854 969 1007 1034 ducatum
1022 972 1178 1055 praebens,
1187 980 1315 1056 portam

312 1075 438 1138 domini
452 1074 514 1139 Dei
529 1073 641 1152 nostri,
658 1095 755 1156 quam
770 1073 851 1158 justi
871 1073 1051 1154 intrabunt,
1067 1075 1134 1159 ipse
1151 1076 1314 1159 ingressus

313 1179 450 1263 aperuit,
466 1185 499 1242 et
520 1176 560 1241 ab
579 1177 719 1240 infantia
739 1199 797 1240 sua
813 1198 916 1261 usque
935 1177 975 1241 ad
996 1177 1191 1263 decrepitam
1210 1180 1315 1245 aetatis

314 1288 515 1346 senectutem
529 1281 766 1364 praeteritorum
780 1302 849 1344 non
863 1280 1067 1346 mediocriter
1083 1290 1212 1366 patrum
1232 1285 1315 1368 sapi-

314 1385 439 1448 entiam
452 1385 599 1448 imitatus
614 1390 684 1448 est:
703 1384 782 1447 dum
796 1384 1026 1468 prophetarum
1038 1386 1169 1470 jugiter,
1180 1393 1213 1451 ct
1228 1389 1316 1471 Apo·

316 1489 474 1552 stolorum
485 1488 583 1552 verba
597 1488 681 1572 stylo
697 1488 877 1551 sanctitatis
893 1489 1082 1573 conscripta,
1098 1498 1131 1554 et
1145 1491 1317 1574 gloriosam

314 1597 495 1675 martyrum
516 1591 697 1674 passionem
718 1590 863 1675 apicibus
884 1591 1051 1655 literarum
1073 1593 1238 1673 insertam,
1259 1595 1316 1659 sed

315 1700 349 1757 et
364 1694 581 1777 evangelicam
596 1693 719 1757 domini
737 1694 800 1758 Dei
817 1694 920 1758 nostri
939 1695 1157 1775 traditionem,
1174 1698 1316 1780 quotidie

315 1797 563 1861 commendabat
582 1798 754 1875 memoriae,
776 1802 809 1860 et
829 1798 1007 1862 seeundum
1028 1800 1230 1882 Apostolum,
1252 1801 1317 1866 sive

316 1900 544 1965 manducasset
568 1901 633 1964 sive
658 1900 802 1980 bibisset,
828 1901 892 1964 sive
922 1901 1009 1965 aliud
1039 1902 1159 1985 aliquid
1188 1903 1316 1986 egisset,

316 2003 421 2067 laudis
441 2024 566 2087 semper
587 2003 794 2087 praeconium,
814 2010 848 2068 et
872 2003 994 2069 devotae
1015 2005 1181 2088 fastigium
1199 2004 1316 2090 jubila-

316 2106 425 2185 tionis,
449 2113 518 2171 tam
541 2113 661 2185 mente,
686 2128 783 2190 quam
806 2107 905 2171 etiam
930 2128 985 2171 ore
1010 2107 1209 2191 persolvebat
1235 2109 1316 2188 Deo,

314 2209 411 2293 juxta
423 2210 505 2273 illud
519 2210 766 2294 psalmographi.
810 2211 998 2274 Beaeda’com
1016 2211 1170 2275 damiam
1186 2213 1221 2276 ia
1235 2213 1317 2276 omni

316 2319 462 2395 tempore,
477 2334 597 2396 semper
611 2315 680 2376 laus
694 2315 759 2395 ejas
772 2315 807 2377 a'a
822 2334 874 2377 ore
888 2334 965 2377 meo.

362 2417 404 2480 In
418 2423 549 2481 tantum
568 2417 656 2481 enim
676 2417 909 2500 scripturarum
931 2418 1048 2483 exarsit
1069 2418 1244 2484 desiderio:
1266 2426 1315 2499 ut,

318 2520 409 2584 omni
425 2542 458 2584 se
472 2521 664 2600 intentione,
675 2541 786 2584 aarum
796 2519 972 2585 imitationi
983 2529 1016 2586 et
1031 2522 1189 2587 auditioni
1203 2523 1318 2607 saepius

318 2625 540 2707 conjungeret.
585 2624 630 2688 Et
655 2645 726 2707 quae
749 2623 791 2688 ob
818 2624 998 2690 doctrinam
1022 2627 1214 2711 populorum
1242 2649 1318 2692 con·

318 2727 437 2810 scripta
451 2733 545 2791 sunt:
568 2726 636 2811 ipse
651 2727 767 2811 quippe
781 2727 906 2811 populis
922 2728 1004 2792 mira
1021 2729 1140 2813 eloquii
1155 2730 1318 2795 disertitu-

318 2830 395 2895 dine
417 2836 450 2894 et
472 2831 677 2894 solertissima
698 2831 924 2915 parabolarum
950 2832 1125 2897 assertione
1150 2833 1320 2898 efficaciter

318 2934 521 3017 praedicando
549 2935 699 2999 retexuit.
752 2935 814 2999 Cui
843 2935 907 2999 tale
933 2935 1132 3000 discretionis
1161 2944 1318 3021 tempera-

318 3044 468 3101 mentum
482 3038 597 3118 inerat,
609 3046 647 3102 ut
662 3046 696 3103 et
710 3039 812 3122 vigori
827 3039 1034 3121 correptionis
1050 3039 1274 3119 mansuetudo,
1286 3047 1320 3104 et
1419 3111 1422 3117 ,

318 3141 410 3224 vigor
432 3140 667 3227 praedicationis
697 3129 939 3206 mansuetudini
967 3163 1035 3205 non
1064 3141 1197 3206 deesset.
1255 3143 1320 3206 Sed

321 3266 418 3328 quem
434 3246 522 3309 zelus
542 3246 733 3310 accenderat
754 3245 892 3329 vigoris:
916 3244 1131 3309 mansuetudo
1150 3235 1320 3328 mitigabat

321 3349 448 3412 amoris.
508 3340 671 3413 Divitibus
701 3370 778 3433 ergo
808 3370 845 3412 ac
874 3348 1061 3432 potentibus
1086 3348 1258 3433 liberisque
1283 3370 1321 3412 ac

320 3452 418 3515 servis
447 3452 601 3536 aequalem
631 3461 750 3517 sanctae
787 3452 1018 3518 exhortationis
1053 3452 1198 3517 exhibuit
1227 3451 1320 3516 disci·

318 3555 451 3640 plinam,
466 3564 504 3620 ut
519 3577 579 3621 nec
594 3557 708 3621 divites
723 3556 886 3621 adulando
908 3556 1114 3636 demulceret,
1130 3578 1190 3621 nec
1205 3577 1321 3636 servos,

320 3680 381 3723 nec
402 3659 519 3724 liberos
545 3659 744 3724 districtione
770 3667 984 3744 pergravaret.
1031 3660 1096 3724 Sed
1117 3660 1212 3745 juxta
1233 3661 1323 3745 Apo-⁷

320 3764 450 3841 stolum,
463 3764 610 3827 Omnibus
623 3766 726 3828 omnio
733 3764 844 3845 foelus
858 3771 926 3830 est:
948 3771 983 3827 at
998 3785 1100 3828 omnes
1115 3764 1320 3848 tumefaceret.

322 3866 389 3932 Qui
415 3873 449 3930 et
473 3866 627 3931 doctrinae
650 3868 787 3931 coelestis
814 3867 1055 3947 documentum,
1073 3889 1141 3932 non
1164 3889 1223 3932 suo
1246 3876 1322 3932 ante

321 3977 450 4053 tempus
465 3969 600 4054 arripuit
614 3969 766 4034 arbitrio:
789 3992 850 4034 nec
874 3969 1101 4035 obstinationis
1124 3992 1190 4035 suae
1209 3970 1323 4054 rapina

321 4080 516 4156 usurpatum
540 4073 716 4156 acquisivit,
737 4073 793 4138 sed
813 4080 933 4138 sanctae
954 4073 1145 4138 humilitatis
1166 4073 1321 4157 perfectu,

322 4179 366 4240 30
392 4183 449 4241 aut
476 4198 515 4241 eo
541 4178 677 4261 amplius
703 4199 863 4242 annorum
891 4178 1015 4243 habens
1041 4183 1179 4256 aetatem,
1206 4177 1322 4259 magis-

321 4280 429 4345 teriali
447 4288 480 4345 et
498 4280 649 4344 familiari
670 4281 852 4346 sublevatus
871 4282 1036 4361 electione,
1049 4281 1145 4364 juxta
1161 4279 1323 4344 canonicae

322 4384 565 4449 constitutionis
593 4386 740 4467 regulam
776 4386 934 4469 suscepit:
973 4392 1007 4449 et
1043 4383 1085 4449 ad
1120 4383 1322 4448 sacerdotalis

322 4487 418 4550 officii
448 4487 595 4570 gradum,
626 4487 757 4552 diversis
787 4489 946 4553 donorum
976 4487 1097 4552 ditatus
1134 4487 1322 4552 muneribus

322 4591 466 4670 accessit,
492 4592 540 4656 ita
563 4599 600 4655 ut
630 4592 839 4677 eleemosynis
869 4592 1008 4676 quidem,
1039 4592 1323 4677 misericordiaque
