3259 5467
721 724 758 765 ns
776 724 950 768 concurs.
1037 712 1041 718 ’
1269 706 1333 771 253

329 866 403 944 qnia
418 865 544 946 mapieae
559 867 638 927 artis
652 865 787 946 insipnia
801 872 882 928 sant.
914 866 957 929 In
971 866 1100 930 Decret.
1118 867 1265 932 Gratiani
1280 869 1331 932 26.

329 987 359 1048 q.
376 969 407 1028 5.
424 988 459 1030 e:
480 969 521 1066 'Si
541 969 610 1049 qais
629 969 754 1044 ariolos,
776 970 935 1049 arnspiees
954 973 983 1031 et
1003 970 1214 1033 incantatores
1232 971 1333 1034 obser-

322 1071 457 1147 vaverit,
473 1075 528 1132 ant
543 1071 751 1150 phylacteriis
771 1091 844 1133 asses
858 1070 972 1152 faerit,
989 1073 1154 1135 anathema
1168 1073 1211 1135 sit
1266 1073 1333 1137 Ubi

329 1172 453 1254 glossa:
470 1174 670 1254 pttptaeteria
689 1174 836 1237 dicentur
850 1176 901 1237 tn’e
919 1177 1042 1252 etanta,
1059 1177 1092 1237 in
1108 1175 1218 1260 qnibns
1236 1177 1332 1240 eonti-

326 1281 439 1338 nentnr
453 1278 688 1339 incantationes.
734 1277 900 1360 Ligaturae
920 1277 1017 1341 etiam
1038 1279 1257 1361 superstitioso
1277 1278 1331 1344 od·

326 1379 525 1444 hibebantur
538 1402 596 1464 pro
608 1380 728 1444 morbis
744 1380 922 1464 abigendis,
932 1381 1030 1445 subin
1042 1383 1120 1446 eerti
1133 1383 1333 1448 characteres

327 1483 453 1566 aliaque
468 1483 561 1566 signa
575 1484 616 1547 ad
632 1485 750 1547 eollum
766 1484 979 1566 gestabantur
995 1491 1051 1548 aut
1072 1485 1156 1549 eirea
1170 1486 1248 1550 alias
1263 1495 1331 1551 eo'r·

324 1586 412 1668 poris
427 1594 534 1669 partes
549 1586 775 1669 alligabantur.
821 1585 965 1650 Isidorus
980 1586 1035 1650 lib.
1053 1589 1083 1650 8.
1100 1608 1127 1651 e.
1143 1591 1183 1651 9:
1206 1590 1251 1652 ad
1267 1591 1332 1654 tene

324 1690 428 1752 omnia
444 1691 603 1771 pertinent
626 1691 769 1771 tipataroe
790 1690 1010 1753 eaeerabitiam
1031 1691 1244 1770 ranediornm‚
1265 1704 1330 1775 qna

324 1812 379 1853 ars
393 1793 579 1856 medieonem
594 1794 776 1856 eandernnat
786 1794 851 1856 siae
864 1794 899 1855 in
907 1795 1205 1875 percantationibus
1219 1797 1283 1859 siae
1296 1797 1330 1859 in

318 1896 555 1959 characteribus
575 1897 625 1959 vet
641 1897 675 1959 in
695 1896 920 1979 qaibnnennqne
938 1896 1030 1960 rebus
1047 1898 1267 1978 aspendenais
1281 1905 1329 1963 at·

323 2022 380 2083 qne
395 2001 539 2082 tipandis,
555 2002 588 2063 in
603 2001 712 2083 qnibsss
727 2001 866 2063 omnibns
880 2020 934 2063 ars
954 2001 1121 2063 demonem
1139 2006 1185 2064 est
1199 2022 1239 2064 ee
1253 2010 1327 2084 qno'-

322 2106 395 2166 dam
410 2104 564 2185 pestifera
585 2105 732 2167 soeietate
754 2105 909 2167 dominnm
931 2109 961 2166 et
983 2105 1160 2184 anpetorani
1177 2107 1328 2168 materam

321 2212 442 2271 enortn.
493 2207 578 2270 Unde
592 2213 703 2270 ennete
725 2207 855 2269 vitanda
874 2211 947 2269 sant
962 2228 982 2269 a
1000 2207 1187 2270 Christianis
1201 2213 1231 2271 et
1246 2211 1328 2272 omni

314 2311 443 2390 penitas
456 2311 651 2373 eneeratiane
665 2310 860 2391 repudianda
875 2315 967 2392 atqne
978 2310 1164 2373 damnanda.
1212 2311 1245 2374 S.
1257 2312 1325 2375 Au-

321 2411 445 2475 doenns
466 2413 522 2476 lib.
546 2416 577 2476 2.
592 2413 667 2475 vitae
689 2413 721 2475 S.
738 2412 837 2495 Eligii
859 2433 886 2475 e.
908 2415 967 2475 15:
991 2413 1094 2475 nattes
1115 2413 1159 2476 ad
1178 2415 1258 2477 cotta
1279 2417 1330 2480 vet

315 2517 454 2578 nominis
467 2518 516 2579 vet
529 2517 689 2598 cujustibet
705 2517 850 2578 animatis
866 2517 1015 2598 tipamine
1029 2517 1198 2597 dependere
1205 2530 1325 2600 preesse·
1455 2559 1462 2576 ,

319 2625 395 2697 mat,
410 2620 533 2682 etiamsi
548 2640 568 2681 a
583 2621 703 2682 clericis
715 2619 810 2701 fiant,
826 2621 884 2683 etsi
899 2620 1032 2698 dicatae,
1048 2621 1132 2703 qnod
1148 2641 1199 2684 res
1215 2627 1325 2687 saneta

317 2723 362 2785 sit
376 2728 407 2785 et
422 2724 565 2785 lectiones
579 2724 702 2785 divinas
717 2725 881 2801 contineat,
898 2725 971 2805 qnia
986 2743 1047 2786 non
1061 2730 1108 2787 est
1122 2726 1156 2787 in
1170 2727 1217 2788 eie
1228 2746 1325 2789 renie-

316 2826 405 2888 dinm
434 2827 560 2904 Christi,
580 2827 637 2888 sed
655 2847 801 2889 amenum
827 2825 951 2888 diaboti.
999 2825 1175 2909 Gregorius
1199 2828 1322 2892 Turon.

318 2927 374 2990 lib.
387 2931 419 2991 2.
436 2928 477 2990 de
491 2928 607 2991 Minae.
620 2949 647 2992 e.
660 2932 701 2991 45
715 2955 721 2992 :
745 2930 975 2991 Ineantatianes
985 2929 1210 3007 immurmurat,
1225 2936 1324 2994 sortes

310 3030 428 3111 jactat,
444 3032 597 3112 tipataras
619 3033 695 3094 cotto
717 3032 896 3113 snspendit:
920 3038 952 3094 et
974 3030 1028 3093 lib.
1045 3033 1076 3093 4.
1094 3030 1134 3093 de
1156 3031 1265 3095 mirae.
1289 3033 1322 3097 S.

318 3134 456 3197 Martini
471 3155 498 3198 e.
515 3135 577 3211 363
600 3156 666 3216 qao
689 3135 853 3198 adveniens
874 3135 919 3197 ad
938 3139 1085 3216 (spretam
1106 3154 1232 3216 eamqne
1247 3136 1321 3198 nisi-

318 3244 390 3300 tans
404 3239 573 3320 amotisque
587 3240 793 3320 liminibus,
810 3259 876 3321 qne
890 3239 980 3301 stntti
996 3239 1207 3317 vendiderant,
1224 3241 1321 3302 oleam

319 3340 401 3404 beati
420 3342 554 3422 sepulcri
573 3344 621 3404 ori
641 3343 707 3424 ejas
725 3341 853 3424 infudit.
901 3340 934 3404 S.
951 3340 1136 3405 Bonifaeius
1155 3342 1191 3404 in
1215 3363 1264 3426 ep.
1281 3343 1322 3407 ad

314 3445 505 3508 Zachariam
530 3445 614 3508 PP.:
645 3447 752 3509 dieant
776 3466 892 3527 quoqne
917 3465 951 3508 se
972 3445 1086 3509 vidisse
1110 3444 1155 3508 ibi
1180 3447 1323 3509 mutieres

310 3568 437 3629 popano
452 3549 517 3610 rita
531 3550 730 3629 phylacteria
745 3555 775 3612 et
790 3550 943 3629 tipataras
958 3555 988 3612 et
1003 3549 1037 3611 in
1057 3549 1193 3612 brachiis
1206 3556 1237 3613 et
1252 3566 1320 3613 erne

315 3652 402 3715 sibae
417 3654 532 3734 tipatas
546 3654 657 3716 tabae
672 3659 729 3716 ete.
753 3653 837 3715 Vide
852 3674 958 3735 supra.

359 3756 421 3818 XI.
445 3757 494 3818 De
508 3755 650 3836 fontibus
673 3753 922 3837 saenfleiornm]
950 3756 1103 3819 Fontium
1124 3756 1267 3820 odoratio
1286 3765 1321 3820 et

316 3858 471 3921 sacrificia
485 3858 603 3922 eisdem
622 3858 765 3922 exhibita
783 3858 959 3922 interdieta
978 3859 1096 3941 possim
1115 3859 1271 3941 leguntur
1284 3859 1319 3922 in

315 3961 467 4024 Coneiliis
487 3960 746 4025 Antisiodorensi
766 3982 792 4025 e.
814 3964 846 4040 3,
867 3961 1074 4024 Nannetensi
1094 3980 1121 4022 e.
1138 3963 1191 4038 23,
1207 3959 1318 4023 Arois

313 4065 400 4128 tensi
414 4064 462 4127 II.
479 4085 549 4129 ean.
566 4067 618 4142 23,
634 4066 789 4129 Toletano
804 4065 885 4128 XII.
902 4085 929 4127 e.
947 4066 1006 4127 ll:
1030 4061 1112 4126 adde
1132 4063 1317 4126 Cluverium

313 4168 369 4231 lib.
391 4169 420 4231 I.
442 4169 551 4231 Germ.
571 4167 721 4251 antiquit.
738 4189 765 4232 o.
782 4170 835 4246 34,
854 4174 887 4230 et
910 4187 1006 4250 snpra
1026 4166 1160 4229 allatum
1182 4163 1318 4248 Capito·-

312 4271 379 4335 lare
399 4271 507 4334 Caroli
529 4271 578 4333 M.
599 4269 744 4333 Adamus
766 4268 951 4333 Bremensis
973 4269 1009 4331 in
1030 4267 1165 4332 vetustis
1187 4267 1315 4332 scholiis

312 4373 375 4436 ait:
399 4374 504 4454 Prope
525 4374 606 4436 ittnd
625 4375 769 4454 temptam
790 4379 837 4436 est
859 4373 953 4435 arbor
972 4372 1108 4436 inanima
1130 4372 1193 4435 tate
1211 4391 1316 4435 ramos

311 4477 479 4539 entendens
489 4482 595 4539 estate
609 4482 640 4539 et
654 4477 750 4539 nieme
760 4496 880 4557 semper
893 4476 1014 4554 osiridis,
1026 4475 1113 4556 erp'as
1126 4475 1317 4557 ittapenerie

309 4581 379 4643 sit?
401 4580 501 4644 Nemo
515 4582 584 4643 seit.
618 4579 668 4642 Ibi
682 4580 776 4642 etiam
790 4585 836 4642 est
843 4579 928 4660 sons,
943 4579 996 4644 abi
1010 4577 1165 4660 sacrificia
1174 4596 1315 4661 popano.
