3259 5467
571 712 575 721 ·
704 687 741 729 ιιι
759 687 947 729 nssssosss.
1260 671 1325 733 233

309 828 556 891 -ocoidentolium
578 827 813 907 prouinciarum
843 829 1044 907 parauisset,
1075 847 1117 890 aa
1153 829 1197 891 ad
1224 827 1327 910 filium

327 931 555 995 Corolomouai.
600 929 777 1013 Episcopus
793 927 833 992 de
853 935 917 1012 quo
931 929 1045 1012 quaerit
1065 936 1115 994 est
1130 930 1325 1011 Bonifacius,

320 1040 355 1096 et
378 1033 463 1097 filius
480 1033 718 1110 carolomanni,
740 1032 862 1115 Dr0g0,
883 1053 989 1115 quem,
1008 1038 1046 1097 ut
1068 1032 1268 1113 educaretur,
1290 1033 1327 1097 in

320 1134 490 1200 Austrasia
520 1136 676 1220 Pippinus
710 1135 850 1218 reliquit.
910 1135 1051 1199 Videtur
1086 1156 1163 1220 ergo
1192 1136 1327 1220 epistola

311 1238 523 1323 -haecscripta
536 1239 598 1303 hoc
612 1239 683 1322 ipso
697 1245 852 1321 tempore,
868 1259 933 1320 quo
947 1237 1096 1302 nondum
1110 1239 1261 1304 omnibus
1276 1238 1325 1302 in-

320 1341 492 1422 notuisset,
518 1341 693 1426 Pippinum
716 1342 904 1404 universum
929 1341 1072 1405 Ranciae
1095 1363 1233 1426 regnum
1264 1343 1326 1408 sihi

320 1444 549 1529 adpropriasse.
573 1500 575 1503 .
593 1445 683 1508 Nam
697 1451 809 1528 postea
822 1443 857 1507 id
871 1443 1076 1508 notissimum
1091 1445 1164 1511 fuit.
1210 1447 1324 1512 Eccan

320 1545 381 1610 dus
395 1546 417 1611 l.
433 1569 461 1611 c.
476 1570 508 1630 p.
523 1547 622 1613 4783’
637 1547 692 1611 W.

362 1650 424 1733 Ep.
453 1651 498 1714 69
529 1650 610 1715 “De
638 1648 792 1733 personis,
824 1649 865 1712 ad
895 1672 974 1733 quas
1003 1671 1142 1734 praesens
1173 1652 1249 1716 data
1274 1659 1323 1717 est

317 1751 462 1834 epistola,
478 1758 628 1817 notamus
646 1773 664 1817 e
683 1751 765 1835 Pagi
779 1751 890 1816 critica
903 1753 944 1817 ad
965 1773 1016 1816 an.
1033 1753 1214 1818 DCCXIX.
1230 1776 1264 1818 n.
1279 1755 1321 1820 V.

317 1876 365 1938 sq.
410 1856 497 1921 Data
511 1862 561 1920 est
575 1877 661 1919 anno
681 1854 965 1939 septingentesimo
988 1855 1231 1939 quadragesimo
1252 1878 1321 1940 sep-

318 1958 409 2037 timo,
424 1960 608 2043 paulopost
629 1966 768 2023 mortem
783 1958 888 2021 sancti
902 1957 1065 2042 Wigberti
1079 1958 1322 2023 Fritislariensis

318 2060 454 2141 abbatis,
470 2061 526 2145 qui
540 2083 579 2126 eo
594 2061 715 2125 Christi
738 2083 824 2125 anno
839 2061 880 2124 ad
895 2061 1001 2124 Deum
1023 2061 1180 2144 migravit.
1226 2063 1268 2126 In
1283 2082 1321 2126 ea

315 2164 504 2228 Bonifacius
532 2164 706 2230 monachos
735 2163 931 2242 obsecratur,
961 2169 999 2228 ut
1028 2185 1065 2228 eo
1094 2164 1215 2248 majore
1244 2186 1321 2229 cura

317 2267 552 2332 monasterialis
585 2289 733 2331 normam
767 2266 841 2330 vitae
870 2265 1030 2330 custodire
1064 2266 1225 2346 studeant,
1257 2290 1320 2351 quo

317 2378 409 2452 pater
434 2391 546 2451 eorum
575 2368 764 2453 Wigbertus
795 2369 968 2433 defunctus
994 2375 1097 2434 esset:
1128 2370 1319 2455 Wigbertus

316 2473 485 2557 presbyter
492 2480 524 2537 et
531 2472 767 2556 Megingordus
779 2471 932 2536 diaconus
941 2472 1085 2554 regulam
1097 2471 1142 2536 eis
1153 2472 1320 2538 insinuent

317 2582 350 2639 et
373 2574 521 2658 magistri
545 2575 611 2638 sint
630 2574 816 2653 infantium,
841 2573 960 2639 Stirme
979 2573 1015 2637 in
1037 2575 1175 2657 coquina
1192 2576 1234 2640 sit
1257 2582 1320 2642 etc.

316 2677 418 2742 Addit
440 2677 643 2742 Bonifacius':
668 2676 877 2741 Tatuwinum
898 2676 1049 2742 abbatem
1069 2677 1266 2762 interrogate
1286 2686 1320 2745 et

316 2781 530 2864 quodcunque
547 2780 649 2845 Vobis
668 2779 819 2859 insinuet,
843 2780 904 2844 hoc
923 2780 1030 2860 facite,
1046 2787 1078 2846 et
1101 2781 1320 2867 unusquisque

316 2884 455 2963 studeat,
471 2884 649 2948 secundum
664 2883 746 2946 vires
761 2904 835 2946 suas
850 2889 883 2947 et
898 2883 1041 2966 proprios
1056 2897 1160 2949 mores
1174 2884 1210 2948 in
1224 2885 1319 2949 casti-⁶

315 2993 383 3050 tate
406 3007 593 3051 conservare
622 2991 685 3050 etc.
708 3006 811 3069 usque
840 2984 881 3048 ad
905 2984 1109 3068 praesentiam
1131 2985 1320 3050 reversionis

315 3095 435 3154 nostrae
453 3089 489 3152 in
504 3089 567 3152 Dei
584 3088 759 3152 voluntate.
805 3088 848 3151 In
868 3085 1064 3150 monasterio
1081 3087 1192 3170 itaque
1207 3087 1319 3151 Ibitis·

313 3190 445 3255 larieusi
458 3190 494 3254 in
510 3190 628 3255 Hassis
641 3190 791 3255 inferiore
806 3190 878 3269 sito,
890 3188 985 3253 sicuti
999 3195 1092 3252 erant
1110 3189 1223 3253 eodem
1236 3195 1320 3266 tem-³

314 3316 391 3379 pore
405 3294 470 3359 duo
484 3293 656 3379 Wigberti,
672 3294 753 3358 alter
768 3292 877 3372 abbas,
888 3293 969 3356 alter
982 3292 1159 3357 monachus
1171 3292 1318 3378 'ejusdem‘

315 3397 462 3477 coenobii,
487 3397 591 3462 itaet
614 3397 679 3461 duo
702 3396 873 3476 Tatuwini,
898 3416 1035 3478 quorum
1061 3395 1142 3459 alter
1167 3396 1318 3461 suecessit

315 3507 425 3565 sancto
439 3499 610 3585 Wigberto
630 3499 665 3562 iu
685 3498 843 3582 regimine
859 3497 1045 3563 monasterii
1065 3498 1319 3580 Ibitislariensis,

315 3609 352 3668 ut
366 3610 453 3668 recte
468 3605 583 3668 ex'hac
597 3602 732 3687 epistola
746 3601 956 3667 observarunt
971 3601 1269 3688 Magdeburgenses
1284 3605 1321 3668 iu

314 3708 453 3771 centoria
467 3706 567 3771 VIII.
582 3728 614 3790 p.
630 3708 705 3769 834.
737 3703 856 3769 Stirme
871 3705 1048 3770 monachus
1063 3705 1205 3772 diversus
1219 3707 1283 3772 fuit
1298 3729 1319 3772 a

313 3815 425 3874 sancto
436 3809 580 3875 Sturmio
594 3808 711 3873 abbate
725 3808 879 3873 Fuldensi
894 3808 1007 3892 primo,
1018 3809 1083 3893 qui,
1094 3831 1158 3894 quo
1171 3818 1318 3894 temporo

312 3913 381 3977 haec
410 3913 546 3996 epistola
574 3912 660 3992 data,
684 3910 916 3978 monasterium
945 3912 1025 3975 illud
1049 3911 1316 3990 administrabat3

311 4016 447 4099 ideoque
476 4017 644 4080 Browerus
676 4015 712 4079 in
741 4013 891 4099 antiquit.
922 4012 1073 4077 Fuldens.
1104 4013 1230 4097 odiique,
1261 4014 1320 4097 qui

311 4126 487 4204 utrumque
507 4117 690 4198 confudere,
709 4117 802 4183 valde
823 4116 1013 4180 hallucinati
1035 4122 1123 4179 sunt.
1167 4116 1321 4200 Denique

311 4221 547 4305 Megingordus
567 4221 721 4285 diaconus
743 4242 810 4299 reu,
826 4226 864 4285 ut
884 4219 961 4283 alibi
981 4218 1169 4303 adpellatur,
1184 4219 1315 4302 Megin-

312 4347 371 4409 gus
393 4346 450 4389 seu
466 4325 690 4409 Megingozus
720 4344 858 4406 magnus
880 4321 1001 4386 amicus
1031 4320 1135 4386 saneti
1156 4321 1321 4388 Bonifacii

310 4430 382 4509 fuit,
398 4437 436 4494 ut
451 4428 571 4493 dicitur
584 4429 621 4492 in
634 4427 701 4492 vita
716 4426 819 4492 sancti
833 4425 994 4510 Wigberti
1009 4447 1037 4491 c.
1053 4429 1084 4490 5.
1101 4432 1133 4490 et
1147 4431 1258 4510 postea
1272 4427 1314 4492 ad

310 4532 528 4617 episcopatum
554 4531 859 4614 wirceburgensem
883 4551 941 4594 seu
966 4535 1003 4594 ut
1027 4551 1115 4595 nunc
1140 4527 1322 4612 loquimur,

799 4655 820 4704 Q
