3259 5467
603 707 643 751 rr
666 708 842 752 nasarius
865 708 1036 751 concurr.
1276 674 1317 746 45

312 842 415 916 'terito
435 849 615 929 secretario,
629 856 667 913 ut
683 848 873 913 Deneardus
892 848 1058 931 religiosus
1078 846 1244 931 presbyter
1260 844 1316 907 ho-

312 955 370 1020 ¹die
386 976 420 1019 se
435 954 548 1018 vestris
563 952 730 1018 obtutibus
744 958 963 1036 praesentaret,
974 957 1089 1035 praesto
1100 957 1149 1014 est
1163 969 1230 1032 prae
1243 947 1317 1011 fori-

316 1059 389 1138 bus,
405 1058 484 1142 quid
501 1056 696 1141 praecipitis?
725 1057 860 1120 Dictum
876 1061 941 1121 est:
966 1054 1174 1138 ingrediatur.
1221 1053 1318 1117 Cum·-

313 1175 381 1246 ‘que
394 1161 558 1244 ingressus
578 1152 701 1238 fuisset,
717 1159 886 1224 Zacharias
907 1158 1125 1222 sanctissimus
1145 1178 1181 1221 ao
1201 1155 1317 1220 beatis-

311 1257 419 1331 ¹simus
434 1286 518 1348 papa
532 1263 633 1327 dixit:
651 1263 761 1328 Habes
777 1264 883 1327 adhuc
898 1284 936 1327 ex
952 1262 1177 1344 sacrilegorum
1191 1261 1319 1324 illorum

315 1358 509 1451 conscripto,
525 1367 611 1451 quod
628 1388 735 1431 coram
754 1367 815 1430 hoc
836 1375 947 1430 sancto
967 1366 1100 1430 concilio
1119 1363 1261 1448 porrigas
1277 1362 1318 1426 ad

315 1471 549 1555 relegendum?
573 1470 763 1535 Deneardus
777 1469 943 1553 religiosus
957 1469 1123 1553 presbyter
1137 1467 1315 1551 respondit:

315 1574 427 1639 'Etiam
442 1574 582 1639 Domine
597 1574 652 1651 mi,
662 1572 767 1637 habeo
782 1574 960 1636 orationem
976 1594 1072 1655 quam
1087 1571 1147 1636 sibi
1161 1570 1315 1635 Aldeber-

314 1685 370 1742 tus
384 1698 576 1761 componere
591 1677 680 1741 nisus
695 1683 753 1754 est,
764 1683 797 1740 et
812 1697 885 1740 ecce
899 1697 965 1761 prae
979 1675 1129 1739 manibus
1143 1697 1213 1739 eam
1229 1696 1314 1757 gero,

312 1781 427 1866 jubete
456 1801 528 1845 earn
554 1780 679 1863 suscipi.
733 1780 777 1844 Et
804 1780 962 1864 accipiens
992 1800 1063 1844 eam
1088 1779 1314 1861 Theophanius

315 1886 462 1950 notarius
489 1884 605 1968 relegit
633 1905 740 1948 coram
774 1884 934 1962 omnibus,
965 1885 1056 1968 cujus
1089 1883 1218 1947 initium
1248 1881 1313 1946 tale

316 1996 374 2054 est.

313 2115 318 2124 ·
358 2092 499 2156 Domine
521 2093 610 2156 Deus
633 2092 846 2177 omnipotens,
869 2091 989 2155 Christi
1015 2090 1072 2154 filii
1096 2090 1157 2153 Dei
1179 2090 1312 2154 Domini
1430 2124 1433 2128 ,

314 2195 419 2260 nostri
441 2196 520 2259 Jesu
542 2195 662 2260 Christi
685 2196 792 2274 Pater,
809 2201 842 2259 et
861 2195 902 2271 A,
924 2201 956 2258 et
976 2194 1020 2272 Ω,
1036 2194 1090 2277 qui
1113 2193 1200 2257 sedes
1218 2214 1313 2276 super

313 2300 490 2384 septimum
512 2300 677 2378 thronum,
701 2307 733 2363 et
758 2321 854 2382 super
877 2297 1051 2362 Cherubim
1076 2304 1108 2362 et
1134 2297 1311 2381 Seraphim,

313 2411 353 2469 tu
377 2404 480 2488 pietas
503 2426 630 2487 magna,
655 2393 688 2468 et
716 2403 894 2468 dulcedinis
918 2402 1050 2467 esttibi
1076 2403 1162 2466 satis.
1216 2402 1312 2467 Pater

312 2514 499 2572 sanctorum
515 2507 712 2590 angelorum,
724 2507 781 2591 qui
790 2507 894 2571 fecisti
906 2507 1023 2571 coelum
1035 2514 1067 2571 et
1083 2515 1211 2585 terram,
1224 2528 1311 2570 mare

314 2619 347 2677 et
371 2613 489 2692 omnia,
515 2633 586 2696 quae
607 2614 643 2676 in
669 2613 714 2676 eis
741 2619 827 2691 sunt,
852 2619 885 2677 te
910 2613 1022 2677 invoco
1046 2619 1078 2676 et
1103 2613 1251 2690 reclamo,
1278 2623 1313 2678 et

313 2717 416 2782 invito
431 2724 465 2782 te
475 2739 575 2801 ⁴super
590 2739 641 2781 me
656 2718 883 2796 miserrimum,
900 2717 974 2801 quia
994 2725 1031 2780 tu
1051 2717 1202 2800 dignatus
1221 2717 1311 2781 fuisti

313 2821 437 2885 dicere:
461 2821 683 2904 quodcumque
701 2820 857 2904 petieritis
877 2822 1006 2885 aPatre
1028 2821 1063 2884 in
1083 2821 1213 2885 nomine
1228 2843 1309 2898 meo,

312 2924 375 2988 hoc
388 2923 514 2988 faciam.
550 2924 637 3006 Ergo
652 2944 711 3006 ego
726 2931 760 2988 te
775 2931 861 3008 peto,
872 2924 946 3007 quia
962 2924 1042 2988 inte
1058 2924 1189 2988 confidit
1204 2924 1312 2987 anima

312 3048 395 3093 mea.
441 3027 588 3110 Cumque
611 3021 835 3110 perordinem
859 3028 1029 3110 legeretur,
1044 3035 1176 3090 ventum
1199 3033 1247 3090 est
1270 3027 1310 3089 ad

313 3129 430 3209 locum,
445 3128 502 3193 ubi
517 3128 661 3193 dicebat:
685 3130 802 3193 Precor
822 3151 887 3208 vos,
904 3137 937 3194 et
957 3131 1089 3213 conjuro
1110 3150 1165 3192 vos
1185 3136 1218 3192 ct
1236 3150 1308 3211 sup-

311 3233 397 3317 phco
418 3253 471 3297 me
493 3232 534 3296 ad
558 3247 633 3310 vos,
646 3233 759 3316 angele
783 3233 885 3312 Uriel,
908 3232 1022 3315 angele
1045 3232 1173 3315 Ragull,
1197 3233 1313 3314 angele

313 3335 453 3414 Tubuel,
473 3336 586 3418 angele
608 3336 759 3414 Michael,
780 3337 894 3419 angele
918 3337 1015 3414 Inias,
1036 3335 1148 3418 angele
1170 3333 1309 3412 Tubuas,

312 3439 427 3521 angele
443 3438 574 3516 Sabaoc,
590 3439 703 3522 angele
720 3439 840 3503 Simiol.

355 3541 446 3605 Dum
462 3562 537 3606 vero
556 3541 624 3605 haec
644 3542 746 3606 oratio
769 3542 922 3626 sacrilega
945 3565 1044 3627 usque
1066 3545 1101 3607 in
1120 3545 1217 3609 finem
1238 3565 1309 3627 per·

311 3639 396 3709 lecta
424 3639 554 3720 fuisset}
593 3646 761 3709 Zacharias
791 3648 1012 3711 sanctissimus
1042 3669 1078 3712 ac
1107 3647 1309 3712 beatissimus

310 3769 395 3832 papa
404 3748 499 3811 dixit:
517 3747 604 3813 Quid
614 3749 654 3811 ad
665 3749 744 3828 haec,
757 3751 949 3814 sanctissimi
958 3751 1082 3830 fratrea,
1092 3753 1307 3836 respondetis?

311 3849 504 3914 sanctissimi
525 3851 664 3934 episcopi
686 3859 719 3915 et
738 3853 934 3918 venerabiles
948 3853 1125 3938 presbyteri
1138 3856 1307 3938 responde·

310 3959 411 4017 runt:
444 3951 532 4017 Quid
556 3953 717 4036 agendum
745 3962 804 4033 est,
829 3956 891 4018 nisi
917 3963 953 4020 ut
979 3957 1096 4035 omnia,
1120 3980 1190 4040 quae
1216 3957 1307 4020 nobis

310 4056 431 4121 relecta
453 4062 539 4134 sunt,
562 4056 630 4138 igni
656 4065 909 4137 concrementur,
933 4065 1077 4124 auctores
1099 4082 1173 4123 vero
1196 4080 1307 4123 eorum

311 4159 526 4223 anathematis
544 4159 671 4225 vinculo
690 4161 930 4244 percellantur?
974 4164 1052 4226 Non
1070 4163 1156 4227 enim
1176 4163 1308 4226 nomina

311 4263 509 4345 angelorum,
521 4270 637 4346 praeter
651 4285 771 4328 nomen
780 4265 959 4344 Michaelis,
972 4267 1027 4330 sed
1042 4265 1174 4330 nomina
1188 4265 1306 4330 daemo-

310 4389 391 4430 num
405 4374 492 4444 sunt,
504 4389 575 4450 quae
589 4369 624 4432 in
641 4369 706 4432 suis
717 4371 915 4434 orationibus
924 4371 1090 4448 invocavit,
1103 4370 1143 4434 ad
1154 4378 1306 4454 praestan-

311 4468 388 4532 dum
413 4469 568 4534 auxilium
594 4471 661 4535 sibi.
707 4473 776 4536 Nos
801 4480 919 4552 autem,
946 4480 983 4537 ut
1013 4497 1032 4538 a
1062 4480 1165 4539 vestro
1195 4483 1306 4540 sancto

312 4573 491 4655 apostolatu
516 4576 693 4653 edocemur,
720 4578 886 4642 etdivina
912 4579 1009 4643 tradit
1036 4580 1216 4658 auctoritare,
1240 4603 1305 4645 non
