3259 5467
420 685 463 747 58
691 707 866 751 remmon
884 704 1146 750 suenrurrscorr

421 846 553 910 denset
575 846 666 910 Filio.
711 846 809 909 Pater
831 866 907 929 ergo
929 846 1123 930 principium
1144 846 1333 927 divinitatis,
1349 848 1421 932 quia

420 949 503 1013 sicut
525 970 702 1032 numquam
717 948 780 1012 fuit
801 969 869 1011 non
885 949 983 1026 Deus,
999 948 1047 1012 ita
1067 971 1246 1032 numquam
1269 950 1334 1014 fuit
1356 972 1419 1014 non

420 1053 525 1130 Pater,
541 1074 561 1115 a
584 1073 647 1134 quo
670 1057 766 1114 natus
789 1050 900 1129 Filius,
919 1072 938 1114 a
959 1071 1022 1133 quo
1045 1052 1183 1135 Spiritus
1202 1060 1335 1117 sanctus
1355 1075 1419 1117 non

419 1162 526 1233 natus,
543 1154 618 1238 quia
635 1176 703 1218 non
723 1153 824 1216 Filius
844 1161 903 1231 est,
923 1175 984 1217 nec
1005 1154 1180 1236 ingenitus,
1204 1155 1260 1238 qui
1282 1177 1352 1218 non
1373 1161 1419 1218 est

419 1259 526 1336 Pater,
546 1279 606 1321 nee
632 1257 737 1321 faetus
761 1262 819 1335 est,
839 1257 895 1320 sed
921 1279 959 1322 ex
985 1258 1056 1321 Deo
1080 1258 1176 1322 Patre
1199 1259 1290 1323 Deus
1312 1280 1418 1342 prooe-

420 1360 516 1439 dens;
543 1361 640 1424 Pater
663 1368 802 1425 aeternus
827 1360 969 1444 eoquod
991 1361 1109 1426 habeat
1127 1368 1287 1427 aeternum
1306 1362 1416 1440 filium,

420 1466 511 1548 cujus
536 1471 675 1528 aeternus
699 1465 740 1526 sit
765 1464 873 1527 Pater.
918 1464 1018 1527 Filius
1044 1471 1183 1528 aeternus
1207 1486 1245 1529 eo
1269 1466 1356 1549 quod
1377 1466 1416 1529 sit

419 1568 510 1631 Patri
524 1575 710 1632 coaeternus.
757 1566 1041 1650 Spiritus-sanetus
1058 1575 1199 1632 aeternus
1221 1589 1260 1633 eo
1276 1569 1362 1652 quod
1378 1569 1416 1632 sit

419 1671 509 1735 Patri
539 1677 571 1735 et
601 1671 682 1734 Filio
712 1676 912 1734 coaeternus.‘
941 1670 1013 1734 'Iste
1042 1692 1126 1734 unus
1156 1672 1256 1750 Deus,
1284 1673 1341 1756 qui
1370 1681 1416 1735 est

421 1775 541 1838 Sancta
563 1774 714 1838 Trinitas.
759 1774 857 1837 Pater
882 1780 915 1837 et
939 1774 1040 1837 Filius
1066 1781 1099 1837 et
1131 1773 1415 1858 Spiritus-sanetus

419 1879 536 1942 creavit
553 1879 668 1942 coelum
684 1884 717 1941 et
728 1884 858 1955 terram,
867 1898 956 1940 mare
967 1883 1000 1940 01
1011 1877 1119 1940 omnia
1131 1898 1202 1959 quae
1215 1877 1252 1940 in
1267 1877 1314 1941 eis
1330 1885 1413 1956 sunt,

419 1987 452 2044 et
475 1980 653 2044 secundum
673 2001 764 2042 suam
787 1980 987 2045 voluntatem
1008 1979 1117 2045 omnia
1139 1979 1312 2061 gubemat‚
1327 1985 1361 2044 et
1381 1980 1414 2043 in

417 2083 518 2172 istum
542 2105 646 2146 unum
669 2082 777 2146 Deum
802 2103 914 2145 omnes
938 2081 1113 2145 Christiani
1133 2080 1262 2145 credere
1285 2082 1412 2160 debent,

419 2185 475 2267 qui
490 2185 672 2249 desiderant
686 2184 785 2248 vitam
799 2189 954 2247 aeternam
968 2183 1096 2247 habere.
1133 2173 1414 2269 Omniumpeooa·

417 2294 525 2351 torum
547 2288 766 2351 remissionem
787 2286 824 2349 in
846 2293 956 2350 sancto
978 2286 1170 2370 baptismate
1191 2281 1329 2352 firmiter
1350 2280 1414 2352 ore·-

419 2389 493 2453 dere
509 2389 672 2454 debemus.
702 2390 863 2453 Futurum
879 2410 1004 2475 quoque
1015 2389 1174 2474 judicium
1188 2411 1257 2454 esse
1273 2390 1368 2456 bouis
1380 2399 1413 2456 ot

418 2493 519 2571 malis,
543 2493 652 2556 statim
682 2501 754 2576 post
780 2493 878 2576 hujus
907 2493 981 2557 vitae
1001 2493 1177 2556 terminum
1199 2493 1283 2557 nulli
1304 2495 1413 2559 catho-

417 2594 553 2658 licorum
573 2595 707 2658 dubium
730 2603 788 2658 est.
834 2596 983 2681 Paganis,
1006 2595 1112 2679 impiis
1132 2602 1164 2659 et
1184 2597 1413 2679 peccatoribus,

418 2697 474 2781 qui
503 2719 561 2761 sua
593 2699 712 2762 scelera
741 2699 889 2762 confiteri
922 2699 1106 2777 noluerunt,
1136 2720 1197 2763 neo
1225 2721 1285 2782 per
1313 2701 1412 2784 poeni·

416 2801 554 2865 tentiam
563 2801 743 2880 emendare,
755 2801 947 2890 supplicium
956 2802 1191 2886 sempiternum
1202 2803 1274 2867 erit.
1306 2804 1411 2869 Poeni·

416 2905 561 2968 tentibus
584 2911 616 2968 et
636 2905 732 2989 justis
755 2905 857 2988 gloria
877 2906 1073 2989 sempiterna
1093 2905 1249 2970 manebit.
1294 2907 1346 2971 De
1365 2929 1411 2972 re·

417 3007 613 3072 surrectione
639 3016 841 3072 mortuorum
859 3009 895 3071 in
918 3008 1089 3073 novissimo
1109 3008 1160 3072 die
1182 3009 1280 3093 hujus
1296 3011 1410 3090 saeculi,

415 3112 524 3175 nullus
540 3113 796 3177 Christianorum
811 3111 959 3176 dubitare
974 3111 1079 3192 debet,
1096 3112 1152 3175 sed
1166 3112 1249 3176 siout
1265 3113 1410 3179 Christus

405 3219 512 3305 <tertia
526 3218 577 3283 die
591 3219 763 3283 resurrexit
779 3241 798 3282 a
812 3218 957 3297 mortuis,
973 3217 1017 3282 sic
1037 3238 1148 3282 omues
1168 3218 1317 3288 homines
1336 3219 1410 3285 boni

415 3330 448 3386 et
462 3322 540 3386 mali
553 3322 589 3385 in
603 3323 775 3386 novissimo
791 3321 842 3386 die
857 3343 931 3385 oum
951 3321 1086 3405 propriis
1104 3322 1293 3404 corporibus
1307 3345 1408 3388 resur·

416 3446 490 3508 gere
506 3424 633 3489 debent.
675 3425 773 3509 impii
787 3426 875 3489 enim
889 3426 924 3489 in
939 3425 1171 3489 contumeliam
1181 3447 1275 3492 suam
1289 3434 1324 3493 et
1338 3450 1407 3512 sup-

414 3529 555 3610 plicium,
568 3529 649 3612 justi
663 3550 735 3592 vero
749 3529 784 3592 in
800 3529 934 3612 gloriam
949 3529 1186 3613 sempiternam.
