3259 5467
321 683 384 744 148
682 700 761 743 vmn
779 699 958 743 nourrscn

318 849 459 914 scientiae
473 846 638 931 praevaluit
652 845 819 911 fortitudo.
865 846 991 930 Magna
1013 845 1173 930 siquidem
1192 846 1321 925 mentis,

318 960 351 1017 et
374 950 530 1016 ineffabili
557 949 714 1034 gravitate
743 950 866 1014 coelesti
895 949 1072 1034 inspirante
1097 950 1213 1036 gratia,
1239 950 1322 1014 sicut

317 1054 547 1138 subsequentia
560 1053 658 1137 hujus
672 1053 777 1136 operis
795 1052 991 1117 documenta
1005 1053 1181 1132 declarant,
1198 1053 1320 1117 ditatus

316 1164 377 1237 est,
398 1166 432 1221 et
451 1158 628 1221 multarum
646 1156 836 1220 castimonia
858 1156 1025 1236 virtutum,
1040 1157 1137 1240 juxta
1153 1163 1320 1247 ostensum

319 1268 504 1326 sanctorum
520 1261 682 1344 exemplar
696 1260 959 1343 praecedentium,
976 1267 1009 1324 et
1024 1258 1258 1324 venerabilium
1272 1258 1319 1321 in-

318 1365 441 1429 stitutis
476 1371 607 1449 patrum
644 1362 802 1443 subditus,
837 1363 1027 1442 declaratus,
1064 1385 1102 1427 ac
1139 1363 1319 1428 decoratus.

318 1468 411 1532 Adeo
426 1467 525 1532 etiam
540 1467 647 1531 divino
663 1465 780 1531 exarsit
794 1465 937 1549 ingenio,
953 1488 990 1530 ac
1010 1465 1158 1530 lectionis
1176 1465 1320 1550 adprime

319 1593 353 1635 se
368 1571 512 1636 subdidit
527 1570 686 1650 exercitia,
701 1576 740 1634 ut
755 1570 890 1654 singulis
906 1569 1086 1653 quibusque
1104 1569 1223 1634 additis
1238 1576 1322 1634 tem·¹

319 1675 449 1759 poribus
468 1675 642 1739 momentis
664 1681 761 1757 atque
779 1673 877 1751 horis,
896 1695 1119 1757 annorumque
1141 1671 1320 1752 munculis,

320 1786 516 1860 augerentur
537 1778 635 1842 etiam
656 1776 692 1841 in
714 1797 752 1841 eo
774 1776 906 1861 superni
928 1777 1126 1862 adjumenta,
1149 1776 1320 1860 divinaque

318 1882 477 1946 donorum
498 1882 697 1944 incrementa
715 1880 923 1963 protectoris3
947 1887 1132 1964 quantoque
1152 1879 1320 1962 pastoralis

318 1984 504 2069 paedagogio
518 1983 695 2066 magisterii
714 1990 764 2046 est
781 1990 960 2067 provectus,
975 1989 1069 2048 tanto
1084 1983 1126 2047 ad
1139 1983 1320 2068 profectum

319 2097 449 2154 aeternae
462 2087 683 2167 beatitudinis,
699 2087 782 2151 sicut
796 2086 907 2151 fideles
928 2086 1218 2151 confamiliaritatis
1234 2086 1319 2150 illius

318 2193 378 2256 viri
396 2214 455 2277 pro
474 2198 562 2256 certo
582 2191 693 2255 testati
714 2196 801 2270 sunt,
818 2211 892 2254 eum
915 2190 1104 2275 quotidiana
1122 2191 1192 2276 ejus
1213 2189 1320 2254 studia

316 2298 389 2382 jugi
409 2297 514 2361 laudis
534 2296 700 2361 literarum
718 2294 929 2360 meditatione
944 2296 996 2360 die
1015 2303 1189 2381 noctuque,
1204 2296 1320 2362 incita·

318 2421 401 2479 vere,
427 2407 461 2464 et
486 2406 599 2464 contra
621 2399 755 2463 infestas
782 2399 948 2464 diabolicae
971 2398 1188 2485 suggestionis
1212 2421 1319 2484 perse-

319 2503 474 2581 cutiones,
493 2524 564 2587 quse
585 2510 734 2567 tenerum
756 2524 840 2587 saepe
863 2503 947 2588 apud
967 2504 1117 2569 mortales
1135 2503 1318 2599 jurentutis

319 2608 441 2686 florem,
459 2627 527 2686 ceu,
549 2605 712 2670 nebulosae
734 2606 873 2689 quadam
895 2607 1047 2671 caecitatis
1069 2605 1207 2689 caligine
1229 2605 1318 2670 obte-

319 2731 394 2793 gere
414 2710 528 2789 soleut,
543 2708 733 2773 mirabiliter
748 2717 933 2793 protexere:
952 2709 1000 2773 ita
1021 2717 1059 2774 ut
1074 2708 1173 2773 etiam
1187 2715 1319 2794 propter

316 2813 554 2878 indesinentem
569 2812 731 2876 diuturnae
742 2813 966 2878 sollicitudinis
977 2815 1047 2897 ejus
1059 2834 1180 2892 curam,
1191 2819 1225 2877 et
1236 2834 1318 2878 sem-

317 2917 479 3002 piternam
494 2937 654 2981 sacrarum
669 2916 778 3000 legum
793 2917 1073 2996 examinationem,
1082 2916 1270 2983 illecebrosa
1282 2915 1318 2979 in

318 3043 355 3086 eo
380 3020 602 3086 adolescentiae
630 3020 792 3085 incentiva
822 3028 856 3085 et
884 3020 1062 3086 carnalium
1086 3019 1317 3085 desideriorum

317 3125 458 3210 impetus
479 3125 628 3209 primitus
649 3123 878 3208 impingentes,
897 3124 1028 3189 domino
1048 3124 1123 3188 Deo
1142 3124 1317 3188 auxiliante

317 3230 458 3295 maxima
471 3250 511 3293 ex
524 3235 616 3312 parte
631 3227 806 3308 sedassent,
822 3228 989 3312 magisque
1004 3249 1041 3292 ae
1055 3227 1159 3311 magis
1174 3227 1218 3292 ad
1231 3248 1317 3292 com-

317 3354 450 3396 munem
475 3331 656 3415 provehunt
681 3331 873 3414 populorum
898 3330 1095 3394 doctrinam:
1128 3351 1227 3415 quam
1249 3350 1317 3395 non

316 3436 420 3500 multo
439 3439 602 3498 transacto
623 3433 776 3518 temporis
799 3433 977 3513 intervallo,
993 3433 1170 3498 secundum
1187 3432 1315 3518 pontifi-

316 3537 384 3600 cale
416 3536 667 3600 ecclesiasticum
700 3536 901 3600 diffinitionis
935 3536 1111 3615 decretum,
1141 3535 1315 3613 inchoavit,

317 3639 472 3718 dilatavit,
497 3660 534 3702 ac
558 3639 701 3723 perfecit.
748 3639 911 3705 Quoniam
935 3640 1056 3704 caduca
1078 3639 1176 3725 hujus
1202 3637 1316 3703 mundi

317 3749 528 3807 contemnens
547 3749 746 3822 ornamenta,
766 3743 999 3807 monasterialis
1016 3744 1090 3808 vitae
1108 3763 1258 3807 normam
1281 3741 1316 3805 in

316 3845 456 3910 infantia
478 3867 537 3910 sua
559 3846 621 3910 rite
646 3867 684 3910 ac
712 3846 904 3930 regulariter
933 3846 992 3911 sub
1022 3846 1189 3911 moderata
1216 3845 1315 3929 patris

314 3949 440 4035 praefati
462 3949 695 4033 gubernatione
719 3972 821 4015 annos
847 3951 1097 4035 quamplurimos
1122 3949 1315 4015 custodivit:

316 4054 418 4119 donec
438 4054 584 4138 pueritiae
603 4053 781 4118 facessente
799 4054 938 4134 lascivia,
954 4060 987 4119 et
1003 4053 1183 4138 pubertatis
1204 4052 1317 4118 incho-

316 4164 392 4222 ante
407 4157 630 4236 adoleseentia,
642 4157 810 4243 ndenuorj
820 4157 912 4221 illum
926 4157 1082 4242 ingenioli
1100 4157 1151 4222 sui
1167 4157 1316 4221 voluntas

316 4261 514 4341 accenderet,
531 4269 569 4326 ut
589 4261 630 4325 ad
648 4261 787 4325 finitima
805 4283 931 4345 quoque
951 4261 1148 4327 monasteria
1164 4261 1316 4346 magiste«

313 4365 385 4430 riali
403 4366 551 4430 lectionis
570 4372 760 4450 provocatus
779 4366 924 4449 penuria,
941 4388 1016 4430 cum
1036 4386 1198 4431 consensu
1217 4372 1316 4449 atque

314 4469 446 4535 consilio
461 4491 686 4535 conservorum
700 4468 843 4534 fidelium
863 4469 1027 4557 patrisque
1042 4467 1230 4535 monasterii
1244 4489 1314 4554 per·

314 4571 447 4637 renuet.
