3259 5467
760 729 840 773 VITA
858 729 1037 774 BONIPAOH

392 1074 508 1138 Ceron
530 1072 610 1138 XII.
654 1073 704 1138 De
716 1074 801 1137 socri
815 1075 956 1155 corporis
969 1075 1003 1138 ia
1017 1075 1167 1140 lbldease
1181 1081 1395 1144 monasterium

785 1177 1000 1241 translatione.
1022 1221 1025 1224 ι

435 1396 583 1466 Conone
601 1393 772 1477 improvisa
791 1400 978 1460 sanctorum
999 1395 1187 1482 Martyrum
1211 1399 1395 1483 temporalis

389 1497 596 1583 interemptio
617 1519 675 1581 per
696 1519 795 1580 pagos
818 1519 856 1562 ac
876 1498 962 1562 vicos
984 1520 1180 1584 omnemque
1200 1503 1396 1584 provinciam

389 1601 546 1679 volitaret,
568 1607 700 1684 repente
722 1600 899 1664 Christiani
929 1602 1085 1685 corporali
1114 1612 1282 1687 comperta
1308 1606 1395 1669 Mar·

388 1712 499 1789 tyrum
534 1710 648 1782 morte,
677 1702 852 1766 maximam
886 1710 1121 1788 congregantes
1157 1708 1395 1790 expeditionem

378 1810 547 1874 exerens
561 1808 736 1873 confinium
755 1806 911 1870 terminos
926 1807 1066 1891 prompti
1084 1810 1394 1891 postmodum-futu·

387 1935 432 1978 rae
450 1911 584 1977 ultionis
599 1910 771 1975 bellatores
790 1915 967 1993 expetunt:
997 1915 1031 1974 et
1048 1912 1194 1976 revoluta
1211 1913 1395 1996 supradicta

387 2016 513 2080 dierum
535 2012 773 2097 supputatione,
795 2012 986 2092 infidelium,
1009 2013 1146 2096 sospites
1162 2015 1231 2079 sed
1252 2017 1394 2082 indevoti

387 2119 528 2202 hospites
546 2117 780 2201 aggrediuntm
798 2120 929 2196 terram,
945 2137 985 2180 ac
996 2117 1146 2200 Paganos
1166 2117 1213 2183 eis
1235 2119 1393 2185 ediverso

379 2222 550 2288 obviantes
570 2219 699 2302 ingenti
718 2226 827 2300 strage
845 2223 1099 2302 prostraverunt.
1147 2221 1213 2285 Sed
1235 2223 1314 2307 quia
1332 2225 1391 2288 Pa-

386 2325 464 2409 gani
491 2324 595 2408 primo
623 2322 735 2407 populi
763 2321 941 2386 Christiani
973 2322 1110 2407 impetui
1138 2323 1296 2390 obsistere
1324 2348 1391 2391 non

378 2427 553 2493 valebant:
576 2427 613 2490 in
624 2426 737 2509 fugam
749 2424 835 2488 versi
845 2446 965 2507 magna
979 2425 1077 2489 etiam
1088 2426 1181 2490 clade
1187 2435 1388 2492 corruerunt.

384 2533 430 2596 Et
451 2541 542 2614 terga
563 2535 735 2607 vertentes,
756 2527 858 2592 vitam
879 2524 977 2591 simul
998 2549 1074 2592 cum
1096 2529 1389 2596 intestina-eornm

384 2633 596 2717 suppellectili
618 2639 651 2697 et
671 2631 851 2696 haeredibus
873 2630 1094 2714 perdiderunt.
1140 2633 1260 2718 Sicque
1281 2635 1388 2699 Chris-

382 2738 474 2816 tiani,
490 2735 783 2820 superstitiosorum
805 2741 875 2798 tam
897 2734 1051 2799 uxoribus
1075 2756 1173 2819 quam
1195 2737 1296 2802 etiam
1315 2738 1388 2802 filiis

375 2862 444 2905 nec
462 2861 530 2905 non
550 2839 647 2926 serris
666 2844 700 2903 et
726 2837 850 2902 ancillis
869 2837 1069 2921 depredatis,
1093 2839 1134 2902 ad
1157 2839 1288 2923 propria
1306 2840 1386 2904 redi-

376 2951 490 3008 erunt.
534 2943 650 3027 Fitque
675 2940 772 3006 modo
788 2939 929 3004 mirabili
948 2948 987 3006 ut
1006 2941 1195 3026 superstites
1217 2943 1385 3026 gentilium

376 3049 497 3113 accolae
515 3045 727 3132 praesentibus
750 3044 905 3108 confracti
924 3044 1028 3124 malis,
1050 3051 1173 3110 aeterna
1189 3047 1300 3130 potius
1321 3053 1385 3112 tor·

381 3159 493 3217 menta
521 3151 607 3218 fidet
624 3152 750 3236 fulgore
777 3150 952 3215 illuminati
976 3152 1175 3217 devitarent:
1199 3160 1234 3217 et
1262 3154 1386 3237 praefati

382 3256 549 3320 Antistitis
564 3255 717 3320 doctrinae
732 3254 976 3334 documentum,⁴
989 3255 1075 3338 quod
1092 3275 1132 3320 eo
1144 3255 1272 3320 vivente
1289 3278 1384 3321 renu-

380 3366 487 3437 erunt,
503 3359 603 3423 etiam
616 3359 775 3422 moriente
789 3356 905 3422 divinae
919 3357 1146 3442 increpationis
1166 3358 1383 3424 moderamine

374 3462 545 3544 perterriti
559 3465 778 3544 susceperunt.

425 3563 550 3646 Corpus
569 3584 645 3627 vero
665 3564 705 3627 B.
724 3562 890 3628 Pontifiois
910 3563 1069 3647 prosperis
1090 3563 1183 3644 velisj·
1198 3571 1381 3631 ventorum-

381 3687 445 3749 que
471 3666 603 3731 flatibus
622 3674 730 3730 trans*
749 3667 892 3746 fretum„
911 3667 997 3750 quod
1014 3667 1144 3732 dicitur
1167 3668 1320 3748 AElmere,
1349 3676 1381 3733 et

375 3769 515 3834 aliorum
530 3771 715 3855 Martyrum
732 3777 812 3854 post·
821 3771 889 3834 dies
903 3791 973 3834 non
989 3771 1109 3835 multos
1120 3771 1319 3854 perductum
1332 3778 1380 3836 est

376 3875 421 3938 ad
440 3874 655 3958 supradictam
674 3874 789 3940 urbem
804 3896 877 3959 quae
894 3875 1013 3939 dicitur
1026 3875 1162 3954 ''Prehct
1177 3875 1289 3959 ibique
1307 3896 1379 3940 con-

375 3979 495 4043 ditum.
507 4000 544 4043 ac
559 3979 731 4062 sepultum,
747 3979 849 4043 donec
867 3979 1042 4062 Magantia
1060 3978 1207 4062 religiosi
1220 3986 1255 4044 et
1271 3979 1379 4044 fideles

258 4076 265 4085 ’
377 4083 413 4146 in
428 4082 569 4148 Domino
583 4082 708 4161 fratres,
724 4103 744 4145 a
758 4082 854 4147 Lullo
869 4081 1029 4165 Episcopo
1045 4082 1236 4146 Successore
1247 4081 1379 4166 'quidem

376 4184 473 4269 hujus
490 4185 523 4248 S.
540 4183 753 4249 Pontificiset
766 4183 918 4267 martyris
933 4183 1055 4247 Christi
1069 4183 1184 4248 directi
1197 4185 1326 4268 navigio
1339 4184 1379 4250 ad

376 4287 618 4371 perducendum
637 4287 677 4351 B.
693 4285 752 4349 viri
766 4286 909 4365 cadaver,
925 4286 966 4350 ad
986 4286 1220 4350 monasterium
1239 4288 1325 4371 quod
1342 4309 1379 4352 eo

378 4390 503 4455 vivente
526 4395 765 4453 construxerat:
800 4395 833 4452 et
859 4410 950 4453 secus
979 4389 1082 4473 ripam
1110 4389 1266 4470 fluminis,
1286 4389 1378 4475 „qnod

378 4494 496 4558 dicitur
516 4492 629 4572 holda,
645 4492 745 4556 situm
764 4497 813 4555 est
822 4517 832 4572 3
863 4492 1069 4557 advenerant.
1115 4492 1265 4559 Quorum
1283 4515 1376 4572 nnus,

376 4596 431 4681 qui
452 4603 485 4660 et
507 4602 619 4661 auctor
639 4594 764 4660 itineris
789 4595 1026 4682 comitatusque
1055 4595 1192 4660 aliorum
1215 4597 1376 4675 extiterat,
