3259 5467
320 688 381 750 192
572 706 665 749 nora
682 706 723 748 er
738 706 852 750 viarm
869 705 1060 753 anemonas.

315 847 472 911 habetur:
499 847 574 910 (irim
598 847 747 928 compieta
767 851 846 909 esset
866 847 988 910 rnciitic
1004 846 1134 929 presai
1155 849 1217 911 viri
1232 849 1313 910 Rod-

315 947 397 1025 bodi,
414 948 503 1028 coepit
518 947 656 1009 adunare
671 945 779 1009 turias
796 946 973 1025 Gentilium,
989 949 1216 1030 enercitnrnqne
1229 949 1315 1011 vaide

315 1052 478 1132 copiosum,
491 1051 614 1131 cripiens
629 1051 799 1130 irrumpere
808 1051 843 1112 in
851 1050 1042 1113 hammam
1057 1056 1217 1130 terreant
1230 1073 1315 1114 moin

314 1155 348 1216 in
362 1154 407 1216 eis
425 1154 570 1215 altionem
589 1159 753 1215 ecerceret.
798 1153 875 1216 Haec
895 1153 1053 1217 audientes
1067 1155 1185 1217 stunc-i
1204 1161 1312 1217 nisine-

316 1257 390 1318 bont
410 1277 477 1318 enm
499 1257 600 1330 nimis
615 1257 852 1334 reminiscentes,
869 1257 951 1338 qnod
969 1259 1042 1320 olim
1063 1258 1102 1320 ab
1125 1278 1159 1321 eo
1177 1259 1315 1340 praviter

315 1361 474 1440 calamati,
484 1364 571 1440 terpo
585 1359 757 1421 vertissent.
798 1360 883 1422 lbnc
897 1361 1040 1423 misertus
1054 1361 1208 1424 Dominus
1221 1362 1316 1424 serris

313 1465 380 1525 snis
402 1484 463 1524 non
478 1463 623 1543 permisit
647 1463 734 1525 iilam
757 1464 878 1526 intrare
899 1464 933 1526 in
954 1465 1093 1545 Repnnrn
1114 1464 1314 1542 Francorum,

314 1567 371 1630 sed
388 1567 544 1647 permissit
569 1586 637 1628 enni
661 1572 691 1628 et
717 1573 855 1629 morinus
880 1572 936 1630 est.
984 1568 1120 1650 Contipit
1143 1577 1257 1645 antem,
1282 1574 1316 1630 nt

314 1671 384 1752 ipsa
400 1671 449 1734 die
465 1670 598 1732 Sanctus
612 1670 744 1732 Errnino
764 1671 917 1752 equitaret
937 1671 975 1733 de
991 1692 1046 1734 sico
1066 1672 1253 1735 monasterio
1275 1672 1317 1734 od

313 1775 428 1851 vilium,
445 1793 510 1855 qne
524 1778 652 1835 vocatur
665 1773 780 1836 Ftecn:
804 1774 890 1837 circe
909 1776 1018 1837 doram
1028 1774 1101 1855 fere
1116 1775 1180 1838 diei
1194 1796 1314 1854 nonam,

308 1878 472 1958 panicium
480 1875 618 1958 praefipit
634 1875 768 1958 predum
790 1883 821 1939 et
840 1879 887 1940 cit
909 1877 1178 1941 dracmstcntibns
1191 1878 1253 1941 sibi
1267 1899 1314 1942 co·

314 1980 458 2043 mitibirs:
488 1982 564 2043 Vere
590 1980 657 2042 dico
683 1980 777 2059 robis,
802 1983 875 2062 qnia
899 1981 1010 2044 cecidit
1032 1982 1122 2045 modo
1142 1988 1268 2046 terrena
1287 1989 1316 2046 et

312 2084 452 2148 resiliatis
480 2083 621 2146 altitudo.
674 2081 777 2147 Addit
805 2083 896 2147 Anso
926 2083 1120 2149 Radbodum
1148 2093 1314 2150 mortuum

316 2210 385 2251 esse
407 2209 446 2251 eo
467 2187 537 2270 ipso
558 2193 734 2265 momento,
759 2208 822 2270 quo
846 2188 880 2250 S.
907 2187 1079 2252 Erminoni
1099 2188 1208 2253 fuerat
1229 2211 1315 2254 reve-

313 2290 450 2354 latum.”
477 2291 530 2352 W.
576 2289 612 2351 P.
635 2291 689 2368 27,
712 2289 734 2352 1.
757 2292 811 2354 24.
834 2289 976 2355 in-om.
1000 2291 1122 2354 W=l.
1145 2294 1190 2355 30
1204 2293 1314 2376 ipse-

313 2397 383 2480 ipso
406 2397 536 2478 W=p.
560 2397 613 2472 28,
637 2395 659 2457 l.
686 2396 708 2455 6
733 2395 899 2478 Simulque
930 2396 1206 2480 sciat-Sciatque
1228 2397 1313 2462 simi-

314 2500 389 2563 llier
403 2500 447 2561 W
459 2531 493 2556 =
578 2531 584 2545 ¹

359 2602 468 2665 “Tres
494 2622 595 2664 annos
622 2601 655 2663 S.
672 2601 876 2665 Bonifacium
902 2602 937 2665 in
961 2602 1062 2667 Frisia
1090 2604 1312 2687 permansisse,

315 2705 428 2768 asserit
450 2725 526 2772 cum
547 2703 735 2767 Willibaldo
765 2704 928 2769 Othlonus
949 2704 1006 2769 lib.
1030 2705 1058 2768 I.
1081 2727 1110 2770 c.
1133 2706 1194 2771 XI.
1217 2706 1313 2790 idque

315 2807 524 2871 confirmatur
545 2828 583 2869 ex
604 2806 799 2870 Pontificatu
821 2807 969 2890 Gregorii
988 2808 1052 2871 PP.
1069 2809 1129 2888 IL,
1145 2831 1164 2872 a
1179 2832 1242 2892 quo
1262 2832 1313 2874 an.

316 2909 536 2974 DCCXXIII.
552 2909 613 2972 hoc
628 2915 687 2987 est,
702 2917 775 2992 post
791 2917 930 2992 quatuor
944 2933 1055 2990 annos,
1072 2934 1169 2995 quam
1183 2913 1219 2976 in
1235 2913 1312 2977 Ger-

315 3014 457 3078 maniam
469 3012 608 3076 directus
619 3013 733 3091 fuerat,
746 3013 931 3077 Bonifacius
943 3015 1109 3079 ordinatus
1120 3025 1170 3080 est
1185 3017 1312 3101 Episco-

315 3140 383 3202 pus.
429 3118 479 3180 ΕΚ
503 3117 552 3179 his
576 3115 758 3198 corrigendi
782 3123 859 3180 sunt
883 3117 917 3196 ii,
939 3117 995 3200 qui
1023 3119 1228 3184 Bonifacium
1250 3127 1313 3184 tre-

316 3221 419 3285 decim
434 3221 527 3284 annis
541 3220 577 3283 in
592 3219 694 3283 Frisia
708 3228 941 3283 commoratum
956 3221 1150 3286 tradidere.’'
1172 3224 1227 3288 W.

359 3326 419 3407 Ep.
440 3328 471 3402 4,
493 3347 524 3408 p.
548 3326 601 3400 29,
623 3323 646 3386 l.
669 3325 699 3386 6.
723 3323 1122 3389 collectione-collatione
1145 3327 1220 3389 P=
1233 3328 1255 3390 l.
1273 3329 1313 3389 18

317 3426 556 3490 divino—omni
570 3427 614 3489 W
625 3459 659 3485 =
672 3428 693 3490 l.
711 3430 752 3491 12
765 3435 860 3510 apoto
873 3427 1086 3493 Grammaton
1100 3429 1312 3513 agiis—Quid

317 3530 386 3592 haec
401 3529 580 3612 significent
596 3529 665 3593 aliis
679 3531 835 3612 relinquo.
868 3532 919 3595 De
933 3531 1153 3596 Ambronibus
1167 3534 1230 3597 vid.
1247 3543 1311 3599 not.
1346 3514 1349 3522 Ι

320 3633 360 3694 ad
382 3633 442 3714 Ep.
466 3635 487 3695 9
505 3646 530 3672 =
548 3632 570 3695 l.
590 3634 633 3694 36
652 3633 802 3696 Pluribus
824 3633 858 3696 in
880 3634 967 3713 locis,
991 3635 1089 3698 etiam
1117 3637 1175 3701 ubi
1204 3660 1314 3702 sensus

318 3735 395 3798 satis
431 3742 528 3818 patet,
567 3743 728 3800 structura
764 3738 975 3820 grammatica
1011 3739 1143 3804 omnino
1179 3741 1310 3820 laborat,

318 3861 414 3922 quam
434 3839 497 3901 nisi
518 3839 607 3902 novis
627 3841 757 3923 prolatis
775 3840 937 3904 codicibus
955 3844 1190 3927 manuscriptis,
1206 3867 1310 3914 emen-

272 3980 276 3991 ·
317 3944 392 4007 dare
407 3944 612 4007 temerarium
627 3944 722 4006 nimis
738 3951 821 4008 esset
834 3977 869 4003 =
880 3967 911 4028 p.
928 3948 979 4024 30,
995 3946 1018 4008 l.
1035 3949 1086 4009 11.
1102 3969 1311 4031 supernorum

316 4068 499 4130 —superna
520 4046 564 4108 W
576 4079 608 4105 =
620 4048 642 4109 l.
666 4048 706 4108 16
727 4048 974 4129 generositatem
991 4097 998 4112 .
1016 4098 1025 4112 .
1042 4097 1049 4112 .
1065 4051 1310 4116 contubernium

316 4149 574 4232 -generositate
591 4198 598 4212 .
616 4198 624 4212 .
642 4197 649 4211 .
666 4150 911 4214 contuberniam
927 4153 970 4214 W
983 4185 1018 4211 =
1028 4153 1050 4216 l.
1060 4156 1102 4217 22
1112 4154 1204 4232 Vale,
1216 4155 1322 4220 frater.

317 4254 460 4316 &ce-In
476 4253 544 4315 cod.
562 4254 634 4316 Par.
650 4253 685 4314 hi
700 4275 808 4316 versus
824 4255 941 4318 desunt
952 4282 987 4308 =

353 4357 471 4418 “Anno
487 4357 550 4419 722
563 4356 712 4418 Clemens
727 4357 903 4441 Episcopus
914 4358 1126 4442 Trajectensis
1137 4367 1234 4426 aetate
1245 4363 1310 4445 jam

316 4458 477 4540 decrepita
498 4465 646 4540 gravatus
664 4459 867 4524 Bonifacium
888 4461 1043 4540 obsecrat,
1059 4469 1097 4526 ut
1116 4464 1312 4549 Episcopalis

316 4561 480 4643 regiminis
501 4562 673 4644 susciperet
693 4563 829 4645 gradum
850 4570 882 4628 et
903 4565 1109 4630 commissum
1131 4567 1191 4631 sibi
1213 4591 1324 4653 popu·.·
