3259 5467
313 675 376 739 122
471 691 644 735 nomnen
661 689 906 734 Aaculnrlscorr
923 689 963 732 ΕΤ
980 688 1155 733 unaarum

311 832 548 899 ministratione
577 831 810 908 corroboratus,
838 829 946 898 studio
970 829 1177 912 perfectionis
1207 852 1317 897 ascens

313 936 419 1001 dendo
433 936 603 1019 magnifiee
617 934 769 1019 pollebat.
814 933 899 999 Ecce
913 933 982 1016 jam
997 934 1227 999 memorandus
1243 935 1316 999 ado·

311 1039 435 1103 lescens
449 1037 652 1103 beatissimus
674 1035 793 1101 seilicet
814 1035 948 1098 Lirinus
968 1034 1091 1100 athleta
1106 1035 1229 1100 Christi
1247 1058 1317 1120 per·

314 1140 483 1224 spieabilis,
506 1141 606 1204 divini
626 1139 758 1204 fervoris
781 1137 936 1222 pudicitia
958 1138 1113 1220 galeatus,
1133 1140 1318 1205 constantia

312 1244 388 1309 fidei
402 1244 565 1321 loricatus,
581 1249 614 1308 et
634 1241 778 1324 undique
799 1241 937 1306 coelestis
957 1240 1082 1305 militiae
1095 1240 1228 1325 fastigio
1242 1264 1316 1308 con·

312 1348 476 1428 flagratus,
493 1368 568 1410 cum
587 1346 656 1430 jam
677 1366 793 1410 novem
815 1365 976 1407 annorum
994 1345 1161 1409 excederet
1177 1352 1316 1425 aetatem,

312 1449 475 1533 perpetuis
504 1449 693 1512 meritorum
726 1447 959 1531 praeconandus
992 1447 1168 1511 virtutibus
1199 1449 1317 1515 summi

314 1554 412 1636 Regis
449 1552 583 1635 signifer
617 1552 788 1620 bellicosus
826 1557 939 1614 eontra
975 1551 1186 1616 saevissimum
1219 1551 1316 1636 hujus

312 1656 427 1719 mundi
449 1664 636 1739 tyrannum,
655 1661 687 1718 et
710 1655 779 1738 ejus
801 1653 944 1717 letiferos
967 1661 1055 1720 astus
1077 1654 1318 1738 triumphaliter

312 1759 499 1837 bellaturus,
515 1758 635 1821 talibus
655 1756 825 1839 glorificari
846 1757 989 1821 mirificis
1010 1756 1133 1822 mundo
1156 1778 1249 1821 orsus
1269 1766 1317 1825 est

313 1861 470 1945 insigniis.
498 1860 617 1924 Sancto
643 1881 719 1942 ergo
749 1859 801 1923 die
832 1861 1047 1939 Pentecostes,
1075 1880 1139 1942 quo
1164 1860 1317 1943 praefatus

313 1966 379 2031 dux
398 1965 606 2047 Theagninus
629 1985 704 2026 cum
724 1962 907 2026 venerando
929 1983 1039 2045 puero,
1057 1963 1316 2047 optimatumque

314 2091 445 2132 suorum
475 2066 686 2130 circumfusus
716 2065 882 2143 comitatu,
913 2065 954 2128 ad
983 2064 1217 2129 monasterium
1247 2067 1316 2130 Deo

313 2171 506 2235 aedificatum
537 2169 577 2233 ed
607 2168 762 2239 bonorem
787 2168 915 2233 Sanctae
940 2168 1055 2232 Mariae
1080 2167 1228 2251 Virginis
1255 2170 1316 2233 Dei

313 2272 494 2355 genetricis,
521 2271 635 2334 divinis
665 2270 752 2334 refici
780 2269 931 2334 laudibus
960 2271 1102 2353 cupiens,
1129 2292 1166 2334 ac
1195 2271 1318 2337 muniri

316 2374 530 2439 sacramentis
559 2374 762 2458 procederet3
800 2374 885 2437 Eece
917 2373 1031 2437 incolae
1059 2374 1122 2437 loci
1150 2373 1239 2438 illius
1269 2383 1317 2439 at-

312 2485 438 2542 traxere
465 2478 546 2542 duos
571 2477 717 2541 homines
743 2477 865 2541 catenis
894 2476 1006 2540 ferreis
1032 2477 1209 2560 colligatos,
1236 2499 1320 2563 quos.

312 2580 537 2644 miserabiliter
548 2580 788 2644 dementaverat
802 2600 932 2664 serpens
948 2579 1112 2664 antiquus,
1123 2589 1156 2645 et
1171 2581 1318 2652 humano

312 2683 473 2748 consortio
488 2684 706 2747 frustraverat.

357 2787 505 2852 Quorum
526 2786 624 2850 etiam
645 2809 731 2849 unns
753 2786 857 2850 virum
881 2794 915 2850 ct
938 2787 1018 2851 duas
1040 2787 1192 2853 mulieres
1214 2789 1319 2855 inter-s

313 2891 401 2968 emit,
418 2891 499 2954 alter
514 2910 641 2974 quoque
660 2912 794 2955 uxorem
813 2889 915 2973 ipsius
937 2897 970 2955 et
992 2890 1072 2963 duos
1094 2891 1177 2956 filios
1199 2891 1236 2957 iu
1257 2915 1316 2957 sua

314 2993 555 3067 dementatione
575 2993 610 3058 in
629 3001 768 3057 mortem
785 2993 967 3077 prostravit.
1013 2994 1103 3059 Quos
1122 2994 1314 3061 venerabilis

311 3117 393 3180 puer
407 3097 541 3160 Lirinus
556 3116 690 3160 cernens
706 3096 751 3159 ait
766 3096 905 3179 genitori
921 3118 990 3177 suo,
1000 3105 1036 3167 et,
1045 3097 1215 3163 comitatui
1229 3100 1312 3183 ejus:

314 3201 391 3265 Una
404 3222 542 3279 meeum,
554 3199 719 3279 carissimi,
733 3221 839 3283 quaeso
855 3201 1086 3283 omnipotentis
1097 3201 1160 3265 Dei
1175 3202 1314 3269 clemen·

312 3303 391 3367 tiam
414 3303 579 3386 flagitate,
592 3310 751 3385 quatenus
775 3303 887 3366 vestris
911 3301 1109 3367 orationibus
1135 3325 1195 3388 pro
1218 3305 1314 3390 hujus

312 3405 437 3488 negotii
467 3406 630 3489 qualitate,
656 3405 766 3488 gloriae
794 3426 861 3470 suae
889 3412 1053 3490 respectus
1082 3406 1215 3489 aperiat.
1271 3409 1315 3473 Et

313 3508 461 3590 expansis
478 3508 639 3586 manibus,
654 3509 837 3593 pariterque
857 3509 1009 3594 subjectis
1029 3509 1064 3574 in
1082 3511 1200 3575 coelum
1220 3511 1320 3577 lurni.

314 3610 410 3673 nibus
426 3610 528 3676 oravit
543 3609 669 3674 dicens:
693 3611 782 3675 Deus
796 3618 888 3695 pater
910 3619 1039 3692 aeterne,
1054 3613 1241 3696 praesidium
1255 3614 1315 3679 tibi

313 3713 451 3777 fideliter
466 3713 726 3796 supplicantium,
742 3715 911 3779 exorabilis
928 3716 1104 3796 miserator,
1119 3717 1186 3782 tuis
1205 3717 1314 3783 adesto

313 3817 451 3895 famulis,
462 3823 505 3884 ,et
522 3816 576 3901 pio
593 3826 722 3901 pectore
741 3819 860 3883 nostris
881 3841 987 3883 annue
1006 3819 1097 3899 votis,
1118 3827 1152 3885 et
1172 3821 1314 3887 effloreat

314 3929 380 3986 tuae
407 3920 641 3985 benedictionis
670 3921 774 4005 gratie
802 3944 899 4006 super
932 3922 1087 3987 fabricam
1114 3923 1166 3987 tui
1194 3924 1315 4009 proprii

312 4023 476 4108 plasmatis
506 4031 575 4088 tam
603 4024 681 4089 dirae
717 4024 946 4090 imbecillitatis
977 4026 1149 4109 gravedine
1177 4027 1314 4113 obsqua-

312 4127 443 4206 lentem,
459 4134 497 4192 ut
512 4128 705 4193 clarificetur
719 4150 839 4192 nomen
857 4137 952 4193 tuum
969 4129 1004 4193 in
1019 4150 1066 4209 ea,
1083 4137 1117 4194 et
1132 4137 1236 4197 tantae
1249 4139 1313 4197 tuae

313 4233 492 4296 elementiae
507 4233 595 4296 favor
609 4233 792 4297 ruminetur
806 4232 842 4295 in
857 4234 983 4298 saecula.
1021 4234 1065 4298 Et
1076 4254 1152 4297 mox
1164 4235 1313 4300 omnibus

313 4335 589 4401 conclamantibus
615 4337 733 4414 Amen,
755 4336 945 4400 venerabilis
968 4358 1058 4420 puer,
1082 4337 1205 4404 scilicet
1229 4338 1312 4403 Livi·

312 4460 384 4518 nus,
403 4459 548 4522 supernae
566 4438 695 4522 pietatis
714 4438 856 4521 signifer,
875 4440 1029 4524 prooessit
1048 4440 1241 4525 impavidus,
1255 4442 1314 4507 im-

312 4562 435 4625 ponens
449 4563 565 4604 manus
581 4562 676 4625 super
686 4542 791 4626 capita
806 4543 984 4622 amborum,
998 4544 1097 4608 dixit:
1123 4543 1165 4610 In
1180 4545 1311 4612 nomine
