3259 5467
409 665 452 728 26
679 679 857 724 aoruracu
875 678 1139 722 aacurnrrscorr

793 894 905 959 Primo
920 895 1025 960 modo.

455 1025 498 1091 Iu
514 1025 643 1090 Natale
669 1023 812 1102 Domini,
836 1023 926 1087 VIII
950 1022 1114 1088 Kalendas
1138 1022 1323 1101 Ianuarias,
1348 1022 1415 1087 dies

413 1135 561 1213 quatuor.

457 1233 500 1296 In
515 1230 755 1297 circumcisione
770 1229 913 1307 Domini,
931 1230 1005 1293 Kal.
1022 1231 1043 1293 J
1045 1251 1156 1294 anuar.
1173 1229 1260 1293 diem
1274 1249 1388 1292 unum.

383 1390 388 1397 .
457 1337 500 1400 In
514 1334 703 1419 Epiphania,
718 1333 808 1397 VIII
824 1331 902 1396 Idus
918 1333 1051 1396 Ianuar.
1068 1332 1153 1397 diem
1168 1354 1284 1396 unum.
1421 1363 1423 1366 ⁴

457 1440 500 1504 Iu
525 1435 753 1501 Purificatione
778 1436 905 1500 Sanctae
931 1436 1056 1515 Mariae,
1077 1437 1127 1500 IV
1153 1437 1242 1501 Non.
1263 1435 1416 1500 Februar.

415 1541 499 1605 diem
514 1562 627 1604 uuum.
826 1543 834 1554 ‘
1025 1555 1029 1562 '

458 1643 500 1707 In
516 1644 640 1708 Pascha
654 1642 797 1720 Domini,
813 1648 886 1725 post
902 1641 1117 1720 Dominioam,
1133 1642 1201 1706 dies
1215 1651 1293 1707 tres.

458 1748 500 1811 In
516 1746 714 1811 Ascensione
729 1745 873 1823 Domini,
890 1745 976 1808 diem
990 1767 1104 1809 unum.

460 1851 503 1914 Iu
519 1850 640 1914 Natale
662 1849 766 1913 sancti
788 1848 925 1913 Ioannis
952 1849 1116 1932 Baptistae,
1140 1849 1229 1912 VIII
1254 1847 1418 1912 Kalendas

416 1955 530 2033 Iulias,
547 1954 633 2018 diem
647 1976 761 2017 unum.

442 2058 502 2122 ‘In
524 2059 677 2122 Passione
697 2063 882 2121 sanctorum
902 2056 1130 2139 Apostolorum
1150 2056 1239 2121 Petri
1261 2064 1295 2120 et
1317 2055 1418 2132 Pauli,

417 2160 474 2226 III
490 2162 564 2224 Kal.
581 2161 694 2239 Julius,
711 2159 797 2224 diem
811 2181 924 2223 unum.
1235 2233 1242 2248 .

461 2261 503 2326 In
517 2262 737 2345 assumptione
757 2269 878 2326 sanctae
892 2261 1008 2326 Mariae
1023 2262 1144 2326 XVIII
1161 2262 1235 2325 Kal.
1254 2261 1417 2346 Septemb.

419 2366 505 2430 diem
519 2386 634 2428 unum.

462 2468 505 2532 Iu
519 2467 687 2532 nativitate
708 2475 827 2533 sanetae
842 2467 967 2547 Mariae,
983 2470 1034 2533 VI
1050 2469 1129 2533 Idus
1154 2468 1319 2552 Septemb.
1336 2468 1420 2532 diem

419 2592 533 2635 uuum.

464 2675 506 2737 In
521 2673 668 2757 passione
684 2675 787 2736 sancti
806 2674 946 2738 Andreae
961 2675 1116 2759 Apostoli,
1132 2675 1235 2758 pridie
1259 2675 1427 2739 Kalendas-

422 2776 619 2855 Decembris,
636 2777 721 2840 diem
736 2798 851 2840 unum.
