3259 5467
523 718 709 760 murenam
727 718 769 758 un
788 717 1005 759 vrarurruus.
1204 698 1268 759 113

600 1203 852 1246 Mlsslucoltmn
869 1204 935 1247 Al'f.
957 1201 965 1215 ⁰

309 1471 476 1533 Monrnus
492 1489 533 1532 en
549 1469 687 1552 geminae
702 1469 797 1532 variis
813 1478 846 1533 et
858 1470 932 1553 jure
947 1491 1070 1534 sorores

311 1574 477 1638 Instamus
492 1572 627 1636 Domini
642 1572 766 1636 eunetis
781 1572 815 1635 in
832 1572 966 1637 callibus
980 1594 1056 1636 una.

311 1677 377 1740 Sed
391 1697 479 1740 soror
493 1676 529 1739 in
544 1675 695 1739 tenebras
710 1677 862 1740 mortales
876 1682 1036 1759 mergeret
1052 1683 1147 1755 atras,

309 1781 354 1842 llt
369 1800 480 1862 poenas
496 1778 583 1843 erebi
598 1778 738 1843 lustrent
753 1800 810 1862 per
827 1778 917 1843 deria
932 1779 1017 1857 ditis,

311 1882 471 1964 Regmins
486 1882 513 1945 si
528 1882 604 1945 secli
619 1881 776 1946 tenuisset
791 1882 860 1947 sola
873 1903 930 1966 per
945 1883 1066 1947 orbem.

310 1985 404 2048 Illius
419 1985 567 2049 adversas
582 1985 664 2049 vires
679 1985 863 2068 infrangere
878 1985 975 2063 nitor,

311 2089 462 2152 Clamans
477 2095 575 2171 atque
591 2087 734 2152 “soror’'
750 2089 860 2153 dicens
876 2093 895 2123 “
907 2088 1079 2167 carissima,
1095 2089 1222 2172 paroe.'’

311 2193 340 2255 O
356 2213 458 2275 genus
473 2198 523 2255 est
538 2212 690 2275 superum
704 2191 781 2256 felix
794 2213 848 2258 me
862 2191 986 2283 virgine
1000 2198 1096 2256 nacta
1104 2217 1114 2269 ς

311 2294 469 2378 Regmine
484 2314 601 2378 nempe
614 2315 687 2358 meo
702 2294 845 2377 perdono
859 2294 985 2377 piacula
998 2294 1111 2373 terris;

310 2398 362 2461 Do
377 2398 452 2462 vitae
467 2403 594 2480 tempus
610 2397 743 2481 superis,
759 2397 800 2462 do
814 2397 926 2461 lumen
942 2397 1083 2482 Olympi,

311 2501 484 2583 Ingentem
498 2499 614 2563 mundi
627 2501 722 2564 variis
737 2522 812 2564 oum
827 2500 959 2564 fioribus
974 2523 1086 2564 arvum

311 2606 420 2667 Aurea
435 2625 514 2687 gens
528 2603 698 2669 hominum
714 2604 848 2669 scandat
863 2605 949 2688 quod
963 2604 1104 2670 eulmine
1118 2606 1200 2670 coeli.

309 2709 371 2770 Ast
385 2715 496 2771 tamen
512 2707 678 2771 altithroni
693 2728 760 2770 non
775 2706 873 2772 saeris
887 2708 1007 2772 finibus
1022 2708 1146 2788 absum,

313 2811 496 2894 Impetrans
511 2810 635 2874 miseris
650 2810 778 2874 veniam
793 2809 985 2874 mortalibus
1000 2812 1060 2876 aevi

312 2913 480 2978 Trahendo
491 2912 615 2998 jugiter
630 2913 752 2978 Christi
766 2935 823 2998 per
838 2914 921 2978 secla
936 2914 1092 2979 ministra.

636 3604 819 3646 ramum
838 3605 905 3646 A1r.

311 3871 384 3933 Pru
399 3890 451 3932 me
466 3870 645 3953 probantur
659 3871 727 3934 veri
741 3871 876 3954 falsique
890 3873 1063 3956 prophetae,

310 3975 420 4056 Atque
434 3973 512 4037 mali
527 3973 650 4057 expulsi
666 3979 851 4037 sanctorum
866 3996 886 4038 a
899 3974 1004 4040 limite
1018 3976 1115 4058 longe
1219 4006 1222 4012 ·

310 4077 468 4160 Tempora
482 4097 549 4140 non
565 4076 706 4159 perdunt
720 4096 778 4160 pro
793 4097 846 4140 me
860 4077 914 4159 pia
927 4077 1013 4141 faeta
1027 4083 1157 4160 peraeta

312 4180 354 4242 In
369 4179 536 4263 proprium
550 4180 704 4243 meritum
718 4200 883 4262 pressuras
898 4187 988 4244 verto
1003 4199 1158 4257 meorum,

310 4284 354 4346 Et
369 4284 486 4347 merito
499 4282 645 4367 exemplo
661 4303 792 4346 suorum
807 4282 878 4346 dira
891 4282 994 4366 piacla

312 4386 447 4450 Nisibus
462 4385 588 4449 eximiis
603 4386 772 4449 committo
785 4385 822 4448 in
836 4386 973 4468 proemia
987 4390 1115 4449 sancta:

312 4487 443 4553 Tetrica
456 4489 633 4553 multorum
648 4510 706 4572 per
720 4510 773 4553 me
788 4489 999 4573 compescitur
1012 4488 1061 4552 iro

311 4592 432 4674 Igneus
448 4599 545 4675 atque
559 4592 649 4656 furor
662 4592 740 4656 rixae
755 4613 830 4656 cum
844 4590 982 4657 terribus
997 4591 1121 4658 ardens.
