3259 5467
326 713 370 776 68
613 735 780 779 commacu
794 736 1041 782 aucmsmscoer

326 880 566 963 corruptibilem
580 887 710 956 terram,
727 903 798 963 quae
813 883 996 965 corporibus
1011 892 1215 949 mortuorum
1229 888 1325 971 plene

326 991 385 1061 cst,
402 1006 472 1066 quae
487 1005 570 1067 saepe
583 1005 641 1067 per
655 985 838 1067 superbiam
856 987 1056 1069 opprimitur,
1073 997 1106 1052 et
1120 1012 1178 1073 per
1193 994 1323 1074 sangui-

324 1108 387 1150 nea
407 1087 491 1151 bella
507 1088 680 1170 polluitur3
704 1088 759 1151 sed
779 1089 868 1153 illam
887 1096 1007 1153 terram
1027 1091 1196 1158 habebunt
1216 1095 1322 1173 mites,

325 1191 365 1253 de
381 1212 445 1273 qua
459 1191 536 1254 dicit
552 1192 681 1274 quidam
696 1198 844 1256 sanctus:
870 1195 968 1257 Credo
983 1196 1087 1258 cidere
1102 1197 1181 1260 bona
1196 1199 1323 1261 Domini

324 1293 357 1356 in
372 1299 457 1356 terra
471 1295 644 1383 vicentiam.
690 1295 752 1359 Illa
767 1305 815 1359 est
830 1304 917 1359 terra
930 1296 989 1360 ubi
1002 1298 1152 1363 habitant
1167 1301 1276 1383 angeli
1291 1311 1323 1366 et

324 1397 441 1460 animae
463 1406 657 1477 sanctorum,
677 1398 735 1461 uhi
757 1405 878 1462 aeterua
896 1407 945 1463 cst
966 1400 1088 1480 laetitin,
1110 1410 1144 1466 ct
1166 1404 1236 1470 sine
1258 1404 1322 1468 fine

322 1501 467 1565 felicitas.

367 1607 398 1667 3.
421 1606 514 1668 Beati
530 1606 582 1687 qni
596 1607 700 1687 layent
720 1625 810 1684 nnnc,
827 1609 969 1688 qnoniam
990 1610 1052 1690 ipsi
1074 1611 1326 1675 consolabantnn

324 1708 418 1771 Beati
438 1717 515 1771 sunt
530 1708 586 1791 qui
600 1709 635 1772 in
649 1710 712 1773 hoc
733 1710 848 1773 saeculo
866 1711 1026 1793 plangunt
1044 1734 1102 1776 sua
1119 1722 1262 1796 peccata,
1281 1737 1325 1780 ne·

322 1810 358 1874 in
373 1812 500 1875 aeternis
514 1812 617 1896 poenis
632 1834 706 1876 cum
721 1813 848 1877 diabolo
867 1814 1009 1896 lugeant.
1055 1816 1175 1880 Melius
1197 1826 1246 1882 est
1270 1819 1326 1883 hic=

322 1936 419 1998 parvo
447 1923 590 2000 tempore
618 1916 775 1998 poenitere
804 1938 862 1999 pro
888 1917 1022 1996 delictis,
1046 1927 1078 1983 ct
1103 1919 1138 1982 in
1162 1927 1322 1985 aeternum

322 2018 462 2101 gaudere
483 2040 558 2082 cum
580 2019 708 2094 sanctis,
724 2041 821 2101 quam
841 2018 950 2084 brevia
966 2020 1059 2084 istius
1077 2023 1187 2086 saeculi
1205 2024 1323 2106 gaudia

320 2120 570 2186 immoderanter
584 2142 739 2200 exercere,
754 2129 787 2185 ct
802 2131 875 2205 post
890 2123 974 2187 hanc
988 2125 1088 2188 vitam
1103 2127 1232 2190 aetcrnis
1248 2148 1321 2211 sup-

320 2224 422 2307 pliciis
445 2225 563 2308 puniri.
615 2226 686 2289 Nos
715 2247 789 2289 vero
815 2226 915 2289 simus
938 2227 1002 2290 illis
1028 2228 1147 2292 similes
1166 2229 1215 2293 ad
1242 2251 1326 2314 quos·

322 2327 482 2392 Dominus
500 2328 595 2391 dicit:
624 2330 685 2391 Vos
702 2329 973 2407 contristabimini,
989 2332 1045 2393 ced
1065 2332 1198 2395 tristitia
1219 2339 1325 2396 vestre

321 2437 457 2495 oertetnr
470 2434 504 2494 in
515 2432 672 2518 prandiam.
1019 2426 1021 2430 '

363 2539 395 2598 4.
418 2537 512 2598 Beati
527 2540 580 2618 qni
592 2537 730 2599 eenrinnt
744 2542 775 2599 et
788 2537 1073 2620 sitiantjmtitiam.
1113 2539 1193 2603 Non
1207 2561 1320 2604 omnes

320 2647 397 2704 sunt
412 2641 499 2705 beati
514 2642 569 2724 qui
584 2642 729 2704 esuriunt
744 2649 776 2705 et
792 2642 917 2720 sitiunt,
928 2643 984 2706 sed
993 2643 1041 2706 illi
1053 2643 1113 2707 soli
1128 2651 1206 2708 sunt
1220 2643 1318 2723 beati,

321 2746 377 2829 qui
391 2747 537 2810 esuriunt
557 2768 679 2829 semper
696 2747 867 2830 justitiam.
915 2747 968 2810 Sic
986 2769 1060 2811 vero
1076 2747 1231 2812 debemus
1248 2770 1320 2813 esu·

319 2851 382 2912 rire
396 2850 565 2932 justitiam,
586 2856 624 2912 ut
643 2872 822 2932 numquam
841 2850 1014 2932 putemus,'
1029 2850 1116 2934 quod
1138 2851 1217 2915 satis
1238 2853 1319 2937 justi

319 2954 428 3033 simus,
445 2954 500 3018 scd
516 2975 641 3038 semper
655 2954 863 3037 deprecemur
883 2955 1001 3035 Deum,
1018 2962 1056 3019 ut
1072 2965 1189 3039 augeat
1204 2957 1320 3021 merita

317 3067 429 3123 nostra
442 3059 594 3123 inbono:
619 3059 674 3142 qui
692 3058 779 3122 enim
794 3067 889 3141 putat
905 3081 938 3123 se
954 3060 1031 3123 satis
1048 3060 1169 3124 habere
1191 3060 1233 3124 de
1249 3063 1317 3145 jus-

317 3162 401 3241 titia,
421 3184 489 3226 non
508 3163 608 3226 esurit
624 3162 796 3245 justitiam,
817 3162 872 3225 sed
892 3163 1053 3226 exaltatur
1075 3163 1111 3225 in
1135 3163 1318 3246 superbiam

317 3275 350 3331 et
366 3268 475 3330 statim
490 3267 591 3331 cadet.
638 3263 781 3329 Humilis
796 3273 906 3328 autem
922 3288 1046 3348 semper
1060 3266 1121 3331 ibit
1140 3266 1182 3330 dc
1200 3268 1319 3332 virtute

316 3370 352 3433 in
366 3371 528 3448 virtutem,
543 3377 576 3433 ct
592 3390 716 3452 semper
731 3367 909 3432 delectatur
924 3369 960 3432 iu
974 3369 1088 3432 melius
1103 3371 1267 3452 proficere.

360 3476 391 3536 5.
414 3473 507 3535 Beati
520 3473 741 3549 misericordes,
754 3473 898 3553 qnoniam
912 3473 973 3553 ipsi
984 3470 1230 3535 misericordiam
1246 3493 1321 3536 con--

315 3581 488 3657 ceqnentnr.
531 3575 601 3638 Nos
621 3574 762 3637 multum
781 3583 939 3658 optamus,
955 3581 997 3638 ut·
1013 3575 1103 3638 Deus
1124 3582 1238 3639 nostra
1260 3577 1313 3640 de-

315 3677 393 3741 licta
405 3668 552 3741 remittat
564 3677 656 3741 nobis
671 3676 912 3760 paenitentibus.
959 3677 1012 3741 Sic
1033 3685 1066 3741 et
1084 3699 1143 3740 nos
1159 3677 1314 3742 debemus

314 3780 466 3863 proximis
480 3781 599 3845 nostris
615 3780 804 3863 rogantibus
825 3781 933 3844 debita
951 3781 1124 3859 dimittere,
1140 3781 1225 3845 sicut
1247 3782 1315 3865 ipse

315 3884 474 3948 Dominus
490 3884 589 3948 dixit:
612 3886 723 3947 Estote
736 3886 950 3948 misericordes
963 3885 1044 3948 cient
1059 3889 1089 3947 et
1104 3889 1202 3964 pater
1215 3890 1316 3947 nester

315 3989 445 4052 caleatis
459 3989 633 4051 misericors
644 3995 699 4051 est.
730 3988 956 4051 Misericordes
968 3988 1056 4052 enim
1066 3987 1315 4051 misericordiam

314 4101 571 4175 consequentur:
595 4093 670 4176 quia
691 4091 718 4155 si
740 4091 954 4155 dimiserimus
976 4090 1162 4156 hominibus
1182 4097 1315 4173 peccata

314 4217 435 4275 eorum,
450 4197 593 4260 remittet
616 4196 709 4259 uobis
734 4202 766 4258 et
787 4202 880 4278 pater
901 4201 1012 4258 noster
1034 4194 1173 4258 coelestis
1196 4194 1313 4258 delicta

313 4307 432 4364 nostra.

356 4404 387 4465 6.
410 4404 503 4467 Beati
522 4404 633 4466 mando
657 4402 757 4480 corde,
781 4403 925 4483 qnoniam
946 4402 1007 4482 ipsi
1032 4402 1132 4464 Deam
1156 4401 1311 4464 videbant.

313 4506 367 4569 Illi
381 4515 477 4570 erunt
492 4507 614 4570 mundo
629 4505 733 4584 corde,
746 4505 801 4588 qui
816 4527 943 4569 omnem
961 4505 1127 4583 malitiam,
1140 4511 1174 4568 et
1190 4503 1315 4580 dolum,¹

313 4617 346 4672 et
359 4609 522 4689 invidiam,
538 4619 571 4674 et
593 4609 884 4693 concupiscentiam
903 4609 1064 4693 expellent
1085 4630 1106 4671 a
1126 4606 1225 4672 corde
1246 4627 1309 4683 suo,
