3259 5467
316 699 380 762 258
566 717 660 759 norm
676 717 717 759 ur
733 717 849 761 venun
866 719 1058 761 anemonen.

313 863 402 926 mine
424 861 562 946 quodam
587 863 713 945 magico
734 862 809 926 laedi
830 871 864 927 et
886 864 1003 928 animae
1024 865 1119 950 quani
1141 865 1318 949 deliquium

313 964 391 1048 pati.
429 963 532 1028 Lunae
547 963 592 1027 sic
606 964 744 1046 patienti
759 964 997 1029 acclamabant:
1028 967 1123 1029 Viam
1137 967 1223 1046 luna,
1238 974 1318 1031 tam-

315 1092 411 1154 quam
426 1071 453 1134 si
468 1091 488 1133 a
502 1071 567 1134 sole
582 1070 837 1153 impugnaretur.
883 1070 981 1135 Unde
997 1072 1082 1154 apud
1097 1072 1307 1138 iuvenalem:

487 1241 561 1302 Jam
576 1261 661 1303 nemo
677 1240 776 1318 tubas,
791 1261 878 1304 nemo
892 1261 956 1304 <eru
963 1240 1086 1323 fatigat
1094 1268 1106 1316 ;

493 1343 561 1406 Una
576 1344 732 1407 laboranti
740 1345 861 1425 poterit
871 1365 1049 1408 succurrere
1061 1347 1151 1409 lance.

359 1511 534 1594 Gregorius
545 1512 612 1575 ΙΙΙ.
625 1512 689 1575 ΡΡ.
702 1511 738 1576 in
749 1511 926 1575 Paeniteat.
939 1532 1006 1594 cap.
1020 1514 1073 1590 23,
1086 1517 1120 1576 et
1132 1512 1226 1576 Beda
1241 1514 1317 1598 [Ep-

314 1615 394 1698 bert]
409 1615 444 1677 in
455 1615 537 1678 libro
546 1614 585 1678 de
596 1614 716 1678 remed.
726 1621 932 1697 peccatorum
942 1636 1010 1697 cap.
1021 1618 1079 1679 21:
1099 1615 1232 1688 Quando
1247 1618 1318 1680 tune

315 1719 507 1797 obscuratur,
522 1719 571 1780 vei
584 1717 768 1780 clamoribus
782 1719 848 1780 suis
861 1718 911 1780 vel
922 1717 1082 1798 maleficiis
1095 1720 1250 1802 sacrilego
1264 1740 1319 1783 una

314 1845 347 1888 se
362 1821 520 1904 defensare
528 1841 621 1902 posse
635 1820 800 1902 confidunt.
824 1822 868 1884 Et
883 1820 1111 1905 Poenitentiale
1127 1820 1318 1886 Thuanum:

316 1928 352 1990 Si
367 1926 535 1989 observasti
550 1925 731 1987 traditiones
740 1945 946 2006 paganorum,
962 1945 1040 2007 quas
1051 1925 1142 2007 quasi
1156 1927 1318 1989 beredita-

314 2031 363 2092 rio
374 2030 459 2111 jure,
477 2028 598 2090 diabobo
617 2028 880 2106 subministrante,
896 2047 990 2109 usque
1006 2028 1040 2089 in
1057 2029 1113 2090 bos
1131 2028 1197 2091 dies
1210 2035 1321 2110 patres

308 2133 390 2215 filiis
404 2133 602 2213 reliquerunt,
618 2133 654 2193 id
667 2136 722 2209 est,
737 2137 773 2194 nt
787 2132 934 2195 elementa
954 2133 1078 2209 catores,
1096 2133 1212 2211 bunum,
1227 2135 1319 2196 solem

316 2243 370 2299 ant
384 2236 543 2298 stellarum
558 2255 688 2312 cursum,
704 2255 813 2296 novum
829 2235 932 2298 innam
948 2240 1002 2297 ant
1017 2234 1168 2316 defectum
1182 2237 1272 2314 tunc,
1287 2242 1320 2298 ut

316 2341 379 2404 tuis
404 2339 588 2402 elamoribus
610 2343 665 2400 ant
691 2338 819 2416 auritio,
842 2339 1033 2420 splendorem
1055 2338 1120 2420 dus
1141 2345 1320 2403 restaurare

316 2445 445 2506 valeres.

357 2545 470 2609 XXII.
493 2547 542 2607 De
557 2545 787 2625 tempestatibus
801 2550 831 2607 et
847 2544 990 2608 cornibus
1004 2551 1034 2608 et
1049 2545 1207 2628 corbam]
1236 2545 1318 2609 Cou-

315 2657 367 2713 tra
381 2647 602 2731 tempestarios
619 2647 654 2709 in
670 2648 758 2730 Lege
772 2647 1029 2730 Wisigotharum
1049 2648 1105 2711 lib.
1121 2649 1183 2711 VI.
1204 2649 1257 2712 tit.
1273 2649 1318 2712 11.

315 2753 378 2833 leg.
399 2755 420 2814 2
441 2751 485 2814 sie
505 2751 754 2833 pronunciatur:
778 2749 918 2831 Maiefiai
936 2757 966 2814 et
986 2752 1174 2814 immissores
1194 2757 1319 2832 tempes-

316 2861 423 2932 tatum,
440 2857 492 2935 qui
506 2852 686 2935 quibamdam
701 2853 963 2916 incantationibus
968 2855 1154 2935 grandinem
1169 2855 1204 2917 in
1217 2855 1320 2916 vineas

315 2978 483 3039 messesque
497 2957 618 3020 mittere
627 2957 840 3038 pervidentur,
857 2962 888 3021 et
906 2958 948 3035 bi,
962 2958 1084 3040 qviper
1098 2958 1320 3021 invocationem

315 3063 482 3125 demonum
502 3067 615 3124 mentes
635 3061 790 3123 bominum
809 3061 1002 3140 conturbant,
1021 3081 1075 3124 sev
1094 3061 1148 3146 qui
1170 3067 1320 3124 nocturna

316 3160 472 3242 sacrificiu
503 3157 687 3222 daemombaas
711 3160 876 3237 celebrent,
904 3180 1012 3242 eosque
1031 3181 1092 3241 per
1114 3161 1321 3223 invocationes

316 3264 454 3345 nefarias
474 3264 613 3346 nequiter
626 3264 792 3326 invocant:
816 3263 986 3345 ubicunqne
1001 3284 1020 3325 a
1026 3263 1136 3345 jndice
1156 3265 1206 3326 vel
1219 3270 1322 3327 actore

315 3369 365 3431 vel
379 3373 586 3449 procuratore
612 3368 671 3429 loci
694 3368 809 3448 reperti
823 3365 948 3448 fuerint
967 3368 1017 3429 vel
1038 3367 1160 3444 detecti,
1184 3367 1322 3430 ducentis

310 3470 447 3552 flopedis
454 3470 579 3550 pvblice
598 3470 794 3532 verberentur
808 3475 839 3532 et
854 3470 1006 3532 decalvati
1022 3467 1202 3550 deformiter
1222 3470 1322 3532 decem

317 3574 492 3635 convicinos
502 3573 711 3653 possessiones
731 3573 863 3634 circuire
885 3578 1036 3654 cogantur
1049 3573 1151 3650 inviti,
1166 3578 1203 3635 ut
1218 3592 1322 3635 eoram

318 3675 374 3735 alii
404 3675 600 3755 corrigantur
632 3676 788 3756 evempbia
849 3675 1031 3738 Ludovicus
1064 3675 1149 3757 Imp.
1181 3674 1321 3758 Capitul.

317 3776 430 3840 Addit.
447 3777 495 3839 II.
511 3777 562 3839 tit.
582 3780 631 3856 18,
648 3800 769 3856 eorum,
785 3777 843 3863 qui
858 3784 1065 3860 tempestates
1081 3784 1114 3840 et
1128 3777 1276 3841 tonitrua
1291 3784 1322 3841 et

318 3880 491 3964 grandines
514 3880 550 3942 in
574 3902 632 3943 sua
655 3887 813 3963 potestate
832 3880 951 3944 habere
971 3881 1072 3943 stulta
1090 3879 1322 3963 imaginatione

317 3986 542 4070 opinabantur,
572 3985 722 4048 meminit
751 3985 801 4047 his
831 3984 960 4048 verbis:
998 3985 1114 4046 Ferunt
1143 3985 1226 4046 enim
1260 3986 1323 4046 suis

316 4089 475 4170 maleficiis
499 4092 573 4150 aira
590 4109 683 4169 posse
703 4088 887 4152 conturbare
907 4093 938 4151 et
957 4088 1127 4170 prandines
1148 4086 1322 4163 immittere,

306 4194 423 4275 futuro
431 4193 602 4273 predicere
617 4199 647 4254 et
663 4193 711 4254 bac
732 4191 855 4273 anferre
879 4193 1008 4274 aliisque
1027 4191 1103 4254 dare
1118 4195 1149 4253 et
1163 4191 1324 4252 innumera

318 4319 337 4360 a
361 4297 474 4359 tabibus
489 4296 564 4377 fleri
588 4296 740 4358 dicuntur.
786 4295 885 4359 Unde
907 4297 1029 4359 Seneca
1047 4294 1104 4357 lib.
1126 4294 1189 4358 IV.
1211 4300 1322 4376 quaest.

317 4399 474 4461 naturai:
505 4399 615 4475 Rudis,
638 4398 754 4480 inquit,
786 4399 887 4461 adbuc
922 4398 1093 4482 antiquitas
1123 4395 1269 4460 credebat
1297 4400 1325 4457 et

319 4503 438 4564 attrabi
460 4503 571 4563 imbres
593 4501 733 4563 cantibus
755 4507 785 4564 et
807 4502 925 4582 repetii.
972 4501 1081 4566 Quare
1104 4500 1193 4564 inter
1217 4519 1324 4582 super-

319 4603 463 4667 stitiones
486 4603 525 4666 de
548 4604 698 4667 cornibus
725 4611 850 4686 agatur,
873 4603 949 4667 inde
971 4603 1071 4683 venit,
1097 4603 1185 4686 quod
1207 4623 1326 4668 cornua
