3259 5467
318 667 381 728 194
570 684 664 726 nora
682 683 720 726 ar
736 684 853 726 usare
869 682 1064 727 aacrrouas.

316 827 392 892 fidei
420 826 628 892 traditionem
657 825 889 891 observandam
919 827 1038 891 arctius
1072 826 1311 910 constringeret,

317 931 424 1014 exegit
442 938 475 995 et
497 930 621 1013 accepit
642 930 683 993 ab
705 951 744 993 eo
762 930 995 1013 jurameutum,
1012 930 1098 1014 quod
1119 929 1158 993 in
1179 929 1314 1012 antiquis

316 1033 551 1117 exemplaribus
575 1031 739 1096 invenitur
761 1033 809 1096 ita
834 1032 1008 1117 scriptum:
1052 1031 1136 1117 [vide
1159 1033 1235 1096 edit.
1257 1033 1314 1114 lsaj.

316 1137 377 1201 vol.
394 1137 442 1215 II,
457 1159 489 1219 p.
504 1135 576 1221 9.]”
593 1136 647 1199 W.

361 1239 568 1321 “Postquam
580 1238 803 1322 juramentum
820 1237 917 1302 modo
936 1239 1040 1303 fatum
1056 1237 1148 1302 dedit
1163 1237 1316 1322 Gregorio

317 1342 466 1407 Pontifici
477 1367 487 1420 3
510 1341 563 1406 hic
581 1340 719 1405 vicissim
740 1340 776 1404 in
797 1341 948 1405 omnibus
971 1363 1045 1406 eum
1064 1343 1189 1426 juvare,
1210 1363 1316 1426 prove·

316 1445 393 1509 here
408 1452 441 1509 et
460 1443 605 1508 venerari
624 1443 759 1508 studuit.
804 1445 892 1508 Nam
910 1444 1065 1523 libellum,
1081 1445 1116 1508 in
1133 1467 1198 1528 quo
1219 1465 1316 1508 sacra·

315 1547 441 1612 tissima
469 1547 701 1612 Ecclesiasticae
733 1547 947 1612 institutionis
972 1549 1047 1632 jura
1077 1548 1317 1613 Pontificalibus

317 1651 442 1734 digesta
463 1651 674 1716 conventibus
695 1651 909 1730 habebantur,
931 1652 961 1716 ei
983 1651 1068 1715 dono
1091 1650 1192 1730 dedit,
1210 1651 1317 1735 praeci-

317 1756 418 1839 piens‚
433 1762 472 1819 ut
493 1763 561 1818 tam
584 1755 687 1818 clerus
710 1777 806 1839 quam
829 1756 966 1840 populus
988 1757 1056 1841 ejus
1078 1756 1231 1839 regimini
1246 1755 1316 1819 sub·

317 1860 452 1938 dendus,
487 1859 527 1923 iis
559 1859 717 1923 institutis
750 1858 967 1924 imbueretur:
1003 1859 1318 1942 familiaritatemque

319 1963 411 2027 Sedis
433 1962 625 2046 Apostolioae
647 1969 715 2026 tam
732 1962 804 2044 ipsi,
821 1983 918 2045 quam
940 1962 1090 2027 omnibus
1113 1962 1160 2026 eis
1183 1961 1317 2026 subditis

317 2075 515 2151 perpetuam,
551 2066 627 2129 dato
664 2066 840 2149 privilegio,
875 2066 1094 2130 confirmavitz
1130 2066 1318 2150 litterasque

318 2191 391 2233 suas
407 2170 437 2234 ei
456 2169 644 2251 impartiens
665 2190 732 2232 non
755 2169 860 2233 solum
883 2169 997 2234 Carolo
1018 2168 1138 2233 illustri
1153 2171 1249 2249 Daci,
1265 2170 1318 2253 qui

316 2273 350 2337 id
365 2273 519 2356 temporis
535 2274 732 2336 Francorum
747 2293 885 2355 regnum
899 2273 1136 2352 moderabatur,
1149 2273 1207 2338 sed
1221 2274 1317 2337 etiam

317 2377 442 2442 cunctis
456 2376 530 2439 viris
541 2376 772 2440 Ecclesiasticis
787 2384 821 2440 et
834 2376 1033 2460 principibus
1049 2376 1234 2441 Germaniae
1245 2398 1314 2440 eum

316 2481 474 2545 tuendum
496 2480 741 2544 commendavit.
789 2480 854 2544 Sed
874 2480 1003 2564 quando
1021 2480 1085 2544 ista
1105 2480 1254 2563 sequenti
1268 2479 1317 2543 die

318 2584 358 2647 ab
381 2583 582 2647 ordinatione
604 2584 704 2666 ipsius
726 2584 836 2648 omnia
858 2591 935 2648 sunt
956 2584 1038 2647 mira
1059 2583 1225 2649 celeritate
1244 2605 1316 2647 con·

316 2688 410 2764 fecta,
427 2686 512 2769 quod
527 2708 636 2750 rarum
651 2695 710 2766 est,
726 2695 764 2752 ut
784 2688 953 2772 contingat
967 2687 1003 2750 in
1017 2687 1107 2767 urbe,
1124 2688 1182 2751 ubi
1197 2708 1236 2751 ex
1251 2709 1315 2750 om-

317 2790 412 2854 nibus
437 2790 587 2854 Ecclesiis
609 2792 732 2875 jugiter
754 2790 874 2856 imbres
899 2792 1103 2876 negotiorum
1125 2792 1317 2855 nouaclum

317 2894 451 2973 stillant,
478 2894 534 2958 sed
558 2895 717 2959 densitate
739 2896 929 2978 ingruentes
955 2895 1111 2959 diluvium
1137 2915 1248 2959 secum
1272 2895 1316 2958 fe-

316 3005 413 3061 runt:
450 3019 561 3061 verum
584 2999 668 3082 quod
694 2999 757 3062 ista
783 2999 824 3062 de
849 3000 1055 3064 conversione
1082 2999 1231 3082 gentium
1253 2998 1316 3062 sint

317 3103 447 3185 reliquis
469 3103 619 3167 omnibus
641 3103 850 3186 praeferenda,
874 3110 994 3168 cuncta
1014 3103 1156 3188 primum
1178 3101 1317 3187 expediri

318 3207 493 3290 Gregorius
507 3229 590 3291 papa
604 3207 737 3270 voluit.”

360 3310 421 3393 Ep.
438 3314 468 3373 5.
485 3311 629 3393 Epistola
649 3310 689 3374 ad
710 3311 862 3374 Carolum
882 3309 1081 3389 Martellum,
1098 3331 1163 3393 qua
1181 3311 1316 3375 Sanctus

317 3421 409 3496 pater
438 3413 613 3496 Gregorius
641 3414 873 3480 benevolentiae
903 3415 972 3499 ejus
1001 3414 1207 3479 Bonifacium
1232 3435 1315 3479 oom-

317 3514 459 3579 mendat.

360 3618 420 3700 Ep.
437 3620 468 3681 6.
485 3619 630 3702 Epistola
641 3642 705 3703 qua
715 3621 862 3685 similiter
871 3642 945 3685 eum
956 3620 1122 3705 Ilpiscopis
1134 3620 1315 3685 Germania

316 3723 605 3807 commendat-p.
617 3726 656 3787 31
660 3774 668 3803 ,
681 3725 703 3787 l.
713 3728 756 3789 29
771 3725 1114 3789 castellis-castaldiis
1128 3725 1174 3788 W
1184 3725 1220 3788 in
1235 3745 1312 3788 mar.

315 3830 336 3859 “
349 3825 507 3889 Scribitur
517 3825 557 3890 ab
570 3828 639 3890 aliis
651 3821 859 3892 Gualstaldus
875 3835 908 3892 et
920 3834 1014 3912 putat
1028 3827 1064 3892 in
1079 3827 1187 3892 Caroli
1202 3827 1315 3911 Magni

317 3929 564 3994 constitutiones
586 3932 819 3997 Amerbacbius
843 3955 912 3998 esse
937 3932 1097 4015 hospitem
1120 3953 1179 3996 seu
1201 3953 1314 4016 caupo·

316 4054 402 4111 nem,
419 4033 509 4116 quasi
525 4035 711 4099 Gasthalter
718 4062 728 4114 3
752 4037 808 4100 sed
823 4042 982 4120 repugnat
1002 4034 1147 4099 hocloco
1162 4033 1315 4118 pontifex,

317 4136 373 4220 qui
387 4138 574 4220 magnificos
591 4138 760 4203 Gastaldos
780 4148 882 4218 vocat,
899 4160 1017 4222 eosque
1036 4137 1208 4203 comitibus
1227 4146 1314 4202 ante-

315 4240 425 4322 ponit:
448 4248 608 4329 repugnat
623 4242 705 4306 etin
720 4244 834 4307 eodem
845 4243 1006 4308 Zachariae
1021 4242 1221 4320 Pontifioale,
1239 4242 1313 4305 dum

317 4342 555 4426 Luitprandum
570 4344 857 4426 Longobardorum
879 4349 1002 4429 Regem
1023 4345 1069 4408 ait
1090 4346 1125 4408 io
1142 4345 1315 4427 obsequium

315 4447 461 4527 Pontifici
482 4448 600 4510 misisse
617 4449 852 4530 Ableproadum
873 4452 1000 4528 Ducem,
1020 4449 1216 4530 Toeipertum
1240 4450 1313 4512 Cos-

313 4549 430 4612 toldum
445 4555 474 4613 et
489 4551 674 4633 Romiopum
691 4554 871 4616 castaldum
884 4555 1115 4616 Tarracensem.
1141 4552 1312 4636 Repugnat
