3259 5467
162 707 224 769 110
324 724 492 767 nonrrncn
507 723 754 767 Anonrcrrscorr
771 725 812 766 ar
829 725 1005 768 uanrrrus

204 869 334 933 Ritibus
350 876 447 952 atque
462 869 540 932 meis
556 869 779 951 compleantur
789 870 881 953 jussa
896 891 1038 953 superna

203 971 335 1036 Talibus
350 972 532 1036 humanum
548 992 674 1053 semper
688 970 864 1036 miserebor
878 973 913 1035 in
928 995 1036 1037 aevum

204 1076 225 1137 J
227 1074 323 1137 uvani
338 1075 473 1138 mortale
488 1095 591 1157 genus
606 1074 780 1138 virtutibus
796 1075 889 1139 almis

204 1178 352 1261 Imperiis
367 1178 508 1241 Domino
524 1177 646 1260 superis
661 1178 847 1242 famularier
863 1178 928 1243 alto

202 1281 328 1345 Tetrica
342 1280 501 1343 mundani
516 1280 640 1344 calcent
655 1287 693 1344 ut
708 1281 833 1345 ludicra
847 1281 943 1345 luxus

205 1385 319 1466 Regna
333 1385 454 1447 clamor
468 1384 621 1448 coelornm
636 1383 702 1446 filia
717 1383 803 1466 regis

203 1486 257 1549 Ad
271 1487 414 1569 requiem
429 1493 468 1550 ut
482 1486 621 1550 tendant
636 1487 753 1550 animae
767 1486 903 1571 pulsabo
918 1493 1090 1551 tonantem

202 1591 306 1653 Actus
320 1589 371 1653 vel
385 1589 536 1657 dicti‘sen
549 1607 664 1653 sensus
679 1598 736 1653 aut
751 1590 857 1653 vincla
871 1590 1009 1654 resolvat
1028 1654 1034 1665 „

204 1692 341 1757 Sedibus
357 1714 374 1758 e
390 1693 514 1777 superis
530 1691 653 1756 soboles
668 1713 786 1776 nempe
800 1693 1012 1758 arcitenentis

204 1795 330 1860 Cuncta
343 1795 423 1859 meis
438 1794 586 1879 precibus
600 1802 761 1859 restaurat
777 1794 863 1860 secla
876 1794 1064 1880 redemptor

202 1899 335 1962 Arbiter
350 1899 507 1963 aethereus
523 1899 633 1964 condit
648 1921 701 1964 mc
716 1900 802 1963 calce
817 1907 983 1963 carentem

202 2003 243 2065 In
260 2024 323 2085 qua
337 2022 397 2065 neo
411 2007 514 2065 metas
529 2002 587 2064 aevi
602 2022 662 2065 nec
676 2009 824 2085 tempora
838 2000 953 2065 clausit

202 2107 367 2189 Tempore,
384 2105 440 2169 sed
454 2105 535 2168 mire
551 2105 620 2169 sine
634 2112 781 2189 tempore
795 2106 892 2188 longe
908 2103 1038 2168 creavit.

500 3821 598 3866 rlnns
614 3816 819 3867 carnoucn.

202 4088 366 4151 Faenum
381 4094 416 4152 ct
429 4087 521 4152 fortis
535 4106 672 4152 vernans
686 4088 861 4154 virtutibus
876 4088 960 4168 altis,

203 4191 309 4274 Ipsius
322 4190 492 4255 altithroni
506 4191 635 4256 ductrix
649 4199 683 4256 ct
696 4193 818 4257 nuncia
830 4191 942 4270 dicon

201 4293 291 4358 Dum
305 4292 427 4356 Christi
441 4294 559 4377 populo
572 4314 631 4377 per
643 4294 804 4358 mundum
819 4294 892 4360 labo
907 4299 1048 4379 reporta

200 4397 245 4461 Et
259 4397 378 4462 virtuto
392 4415 466 4462 moa
478 4398 622 4463 viventes
635 4399 762 4483 legibus
776 4399 877 4484 aquis

201 4500 377 4564 Sacrantur
390 4496 521 4566 Christo
535 4508 569 4566 et
583 4501 761 4568 demuntur
773 4499 911 4568 crimina
923 4502 1039 4587 prisca.

200 4601 329 4667 Clamor
343 4611 462 4668 cuncta
476 4600 539 4670 Dei
553 4613 727 4672 ocrncnttn
740 4606 858 4692 pravis
870 4606 952 4690 legit
