3259 5467
313 667 375 728 168
673 685 753 727 v1ra
771 684 949 727 sammon

294 829 426 894 ‚circuit
441 828 597 907 ecclesias,
612 835 768 911 tantoque
783 828 899 893 divinae
912 828 1112 893 fortitudinis
1128 831 1197 894 zelo
1212 853 1310 896 arma-

313 940 366 997 tus
392 939 451 1010 est,
471 939 509 996 ut
535 931 696 1015 quendam
719 931 959 996 schismaticum
982 931 1134 997 haeretica
1158 936 1311 1019 pravitate

314 1035 484 1119 deceptum
499 1034 630 1099 nomine
643 1034 908 1113 Heremwulfum,
920 1036 1015 1119 juxta
1030 1057 1191 1100 canonum
1209 1037 1312 1101 decre·

313 1146 349 1202 ta
363 1137 525 1201 damnavit
540 1145 636 1220 atque
656 1136 784 1220 abjecit,
801 1144 835 1202 et
849 1138 1006 1221 populum
1020 1158 1040 1203 a
1054 1160 1205 1222 perversa
1222 1147 1312 1205 sectae

315 1242 384 1325 ejus
398 1240 578 1305 idololatria
593 1240 737 1318 correxit,
753 1248 786 1305 et
802 1240 843 1304 ad
858 1242 973 1306 fratres
989 1263 1055 1305 ruoe
1070 1242 1227 1308 Dioecesis
1242 1266 1313 1308 con-

315 1345 446 1409 stitutos
461 1343 703 1427 gubernationis
718 1366 814 1408 causa
828 1367 939 1409 rursus
955 1344 1114 1428 migravit,
1127 1346 1224 1430 juxta
1237 1346 1313 1410 illud

316 1447 480 1532 Apostoli:
503 1446 713 1531 cupiditatem
726 1447 850 1512 habens
865 1447 1016 1513 veniendi
1032 1448 1072 1512 ad
1087 1449 1216 1514 iratres.

318 1776 434 1840 Carus
449 1776 509 1840 IX.
558 1777 697 1849 Qualiter
711 1776 846 1857 cupatrio
860 1777 1020 1854 hereticis,
1036 1776 1234 1840 Bavaroram
1244 1799 1314 1860 pro·

498 1879 632 1942 vinciam
646 1880 680 1942 la
694 1885 826 1961 quatuor
840 1880 946 1942 divisit
953 1880 1135 1960 parochias.

362 2085 485 2149 Iorrua
500 2083 597 2167 hujus
612 2082 671 2145 viri
685 2081 915 2166 aliquantisper
925 2082 1113 2147 meritorum
1125 2080 1317 2148 documenta

320 2188 543 2273 excerpsimus,
557 2179 596 2250 ut
611 2192 732 2270 quanto
747 2207 780 2249 se
795 2185 958 2269 religionis
980 2185 1136 2269 regimine
1150 2208 1209 2270 per
1224 2208 1317 2251 cunc-

319 2303 370 2357 tos
392 2293 496 2356 aetatis
518 2311 584 2354 suae
605 2289 722 2373 gradus
744 2288 965 2353 indesinenter
985 2289 1113 2368 rexerit,
1129 2289 1219 2355 brevi
1236 2291 1317 2353 vide-

320 2397 394 2460 licet
415 2395 613 2478 proferamus
635 2413 789 2457 sermone
836 2392 999 2458 Quoniam
1021 2393 1152 2477 quidem
1175 2394 1317 2458 diutinus

321 2506 506 2563 sanctorum
520 2519 598 2560 usus
613 2504 671 2574 est,
687 2503 725 2559 ut
740 2495 882 2580 quotidie
897 2496 1033 2560 aliorum
1046 2518 1105 2580 per
1118 2498 1266 2582 exempla
1280 2497 1318 2561 ad

322 2601 454 2664 meliora
479 2622 513 2664 se
537 2599 731 2683 provehant:
754 2607 788 2663 et
813 2598 1017 2664 decrescente
1039 2599 1165 2665 dierum
1188 2601 1317 2678 calculo,

322 2711 442 2768 crescat
470 2703 506 2766 in
534 2702 579 2767 eis
605 2702 703 2766 etiam
727 2703 835 2766 intimi
864 2703 965 2767 virtus
994 2704 1119 2768 amoris.
1175 2704 1319 2788 Cumque

323 2806 528 2871 ecclesiarum
550 2812 634 2869 esset
655 2827 722 2869 non
743 2805 878 2869 minima
898 2807 935 2869 in
957 2805 1070 2870 Hessis
1091 2818 1124 2870 et
1143 2806 1320 2889 Thuringia

323 2910 498 2974 multitudo
521 2915 691 2987 exstructa,
716 2916 749 2973 et
775 2908 910 2992 singulis
936 2910 1055 2993 singuli
1080 2910 1321 2994 providerentur

324 3014 481 3092 custodes,
505 3021 578 3077 tum
602 3013 701 3078 etiam
726 3014 823 3078 tertio
848 3022 980 3097 propter
1004 3014 1196 3078 familiarem
1220 3013 1320 3078 sancti

324 3119 500 3202 Apostolici
514 3117 689 3197 Pontificis,
702 3118 864 3201 totiusque
874 3117 1041 3182 clericatus
1053 3118 1319 3195 communionem,

325 3223 552 3306 discipulorum
567 3221 742 3286 comitante
756 3228 853 3299 coetn,
870 3222 1007 3285 Romam
1020 3222 1119 3302 venit,
1134 3229 1172 3286 nt
1187 3222 1321 3305 Aposto-

326 3327 378 3390 lici
397 3327 542 3390 videlicet
560 3325 659 3408 patris
678 3323 797 3387 salubri
817 3325 978 3388 frueretur
998 3325 1165 3409 colloquio,
1181 3334 1215 3390 et
1235 3346 1321 3389 sanc·

326 3439 434 3493 torum
445 3428 564 3511 sejam
573 3434 667 3491 aetate
676 3434 855 3510 provectus,
865 3428 1063 3493 orationibus
1074 3430 1321 3494 commendaret.

327 3537 373 3598 At
402 3532 467 3609 ubi,
498 3538 569 3614 post
597 3532 788 3595 immensam
816 3530 942 3596 itineris
971 3532 1165 3611 vastitatem,
1198 3533 1323 3597 domino

328 3634 512 3719 Apostolico
542 3634 696 3717 Gregorio
729 3634 851 3718 juniori
887 3635 1028 3699 secundo
1060 3636 1323 3719 praesentabanm

328 3738 467 3820 benigue
493 3744 658 3820 susceptus
682 3745 731 3801 est
757 3737 797 3802 ab
822 3759 869 3816 eo,
891 3746 1046 3822 tantaque
1072 3760 1091 3802 a
1113 3740 1239 3804 eunctis
1259 3747 1324 3804 tam

329 3840 492 3919 Romanis,
514 3862 610 3924 quam
632 3840 730 3904 etiam
752 3841 881 3905 advenis
903 3842 1108 3912 veneratione
1125 3842 1323 3908 habebatur:

329 3954 366 4010 ut
402 3943 497 4008 multi
534 3943 575 4006 ad
604 3943 776 4008 salutarem
806 3945 875 4028 ejus
905 3943 1084 4009 doctrinam
1118 3947 1324 4011 confluerent.

329 4051 526 4114 Francorum
542 4046 638 4125 enim,
655 4054 688 4110 et
703 4048 943 4130 Bagoariorum,
960 4070 1087 4114 necnon
1106 4070 1144 4113 ex
1160 4048 1326 4113 Britannia

330 4150 568 4215 advenientium
575 4150 748 4225 Saxonum,
755 4150 952 4234 aliarumque
965 4151 1210 4235 provinciarum,
1215 4152 1326 4235 ingens

331 4254 441 4318 sedulo
456 4252 524 4336 ejus
539 4252 751 4317 admonitioni
766 4252 950 4318 adhaerebat
965 4253 1149 4318 multitudo.
1184 4254 1328 4337 Cumque

331 4379 397 4420 non
408 4355 579 4418 minimum
594 4356 671 4418 anni
687 4356 827 4438 spatium
841 4357 877 4420 in
891 4357 941 4421 his
953 4363 1133 4422 moraretur
1146 4356 1328 4441 regionibus

331 4467 364 4523 et
386 4466 571 4523 sanctorum
592 4460 791 4542 peragrando
813 4467 912 4545 atque
932 4461 1052 4525 orando
1075 4460 1242 4525 circuisset
1258 4460 1328 4524 reli·

332 4563 433 4647 quias,
449 4570 529 4625 tunc
552 4563 669 4647 quippe
692 4565 868 4629 resalutato
890 4564 1070 4629 venerando
1092 4565 1170 4645 viro,
1191 4586 1227 4629 ac
1249 4565 1330 4629 sedis
