3259 5467
312 681 356 752 64
582 696 759 740 scursacrr
778 693 1041 738 sacnrnrrscorr

313 838 453 905 charitas
468 838 539 916 Dei,
556 844 589 901 et
607 835 746 900 charitas
759 833 941 912 hominum,
956 838 995 896 ut
1015 830 1190 914 diligamus
1208 829 1314 895 Deum

315 964 354 1008 ex
368 949 438 1006 toto
454 941 558 1020 corde,
574 947 607 1004 et
621 947 692 1004 tota
711 938 829 1017 anima,
844 945 878 1002 et
892 943 963 1002 tota
976 942 1094 1014 mente,
1110 934 1145 998 id
1161 941 1211 999 est
1227 933 1314 998 omni

314 1045 529 1129 intelligentia
542 1050 662 1123 nostra,
674 1051 706 1107 et
721 1044 811 1107 omni
825 1043 992 1107 voluntate
1006 1047 1126 1119 nostra,
1140 1045 1174 1103 et
1185 1059 1313 1122 semper

314 1149 350 1212 in
365 1148 553 1213 memoriam
567 1147 742 1211 habeamus
760 1147 960 1211 voluntatem
980 1154 1014 1209 et
1033 1150 1195 1228 praecepta
1209 1142 1312 1216 illius;

315 1257 349 1315 et
372 1251 543 1334 diligamus
565 1251 711 1314 homines
741 1251 819 1314 alios
845 1249 927 1314 sicut
952 1254 1080 1313 nosmet
1107 1248 1207 1330 ipsos,
1233 1245 1313 1309 nulli

315 1354 469 1418 facientes
488 1354 618 1438 aliquid,
642 1353 727 1438 quod
747 1354 900 1418 nolumus
921 1357 960 1416 ut
981 1352 1063 1415 alter
1081 1350 1176 1414 nobis
1195 1349 1293 1414 faciat
1303 1374 1312 1427 3

316 1459 372 1521 sed
388 1458 432 1521 sic
445 1458 599 1522 faciamus
609 1458 645 1521 iu
660 1457 748 1536 ahos,
761 1457 844 1521 sicut
855 1463 966 1522 nostra
976 1455 1126 1519 voluntas
1140 1454 1193 1532 sit,
1209 1460 1248 1516 ut
1263 1452 1314 1516 alii

315 1561 410 1626 nobis
425 1562 554 1626 faciant.
598 1563 643 1626 Et
658 1562 757 1625 simus
772 1561 990 1625 misericordes
1007 1560 1044 1623 in
1059 1578 1220 1642 pauperes
1234 1557 1314 1627 etin¹

316 1664 459 1743 miseros,
474 1671 507 1728 et
527 1665 679 1728 faciamus
699 1664 762 1727 illis
784 1665 867 1728 bene
890 1663 1066 1727 secundum
1085 1661 1169 1725 vires
1188 1669 1314 1725 nostras

316 1775 350 1830 et
373 1767 598 1832 necessitatem
625 1768 768 1847 illorum,
792 1776 825 1832 et
856 1768 882 1830 si
912 1767 983 1849 quis
1012 1771 1122 1851 peccat
1152 1765 1188 1827 in
1211 1762 1315 1840 nobis,

317 1870 518 1934 dimittamus
532 1872 589 1950 illi,
604 1878 643 1935 ut
663 1871 757 1936 nobis
777 1872 867 1936 Deus
885 1872 1029 1935 dimittat
1046 1877 1182 1955 peccata
1194 1875 1315 1944 nostra,

318 1972 392 2056 quia
415 1973 460 2037 sic
484 1975 521 2037 in
545 1975 710 2059 evangelio
732 1975 879 2058 legimus,
898 1975 968 2058 ipsa
992 1974 1140 2037 Veritate
1166 1971 1316 2036 dicente:

313 2077 354 2158 ‚Sl
370 2077 549 2141 dimiseritis
563 2079 735 2142 homiuibus
742 2086 875 2160 peccata
888 2080 1012 2142 ilbrum
1022 2099 1088 2160 quc
1101 2077 1135 2140 in
1149 2097 1204 2140 vos
1214 2095 1316 2158 gesse·

316 2187 400 2259 runt,
412 2181 546 2245 dimittet
559 2188 590 2245 et
604 2183 688 2245 vobis
695 2189 791 2264 puter
804 2190 904 2246 cester
918 2183 1047 2246 coelestis
1054 2186 1189 2263 peccata
1202 2186 1317 2244 vestra.

317 2283 362 2346 Et
384 2284 559 2348 habeamus
578 2287 796 2351 humilitatem
817 2285 854 2349 in
876 2292 1049 2370 conspectu
1066 2284 1220 2362 Domini;
1243 2283 1318 2367 quia

319 2385 402 2449 sicut
417 2387 572 2470 scriptum
592 2397 660 2454 est:
682 2390 900 2452 Humilicmiui
916 2390 972 2452 sub
991 2410 1084 2452 mauu
1103 2388 1318 2470 omnipotentis

319 2489 391 2566 Dei,
405 2496 440 2552 ct
461 2510 514 2553 vos
536 2493 650 2555 exultet
672 2495 706 2556 in
728 2499 862 2575 ternpore
885 2493 1113 2561 tribulationis:
1138 2492 1215 2575 quia
1237 2491 1320 2555 sicut

321 2589 460 2654 diximus
473 2592 573 2675 priua,
585 2596 691 2679 angeli
702 2597 743 2660 de
757 2597 838 2661 coelo
852 2618 909 2679 per
924 2595 1106 2679 superbiam
1120 2594 1317 2659 ceciderunt.

323 2693 388 2757 Sed
411 2694 473 2758 Dei
498 2697 669 2762 clementia
690 2700 878 2783 perdonavit
903 2700 996 2766 uobis
1018 2721 1076 2784 per
1098 2699 1319 2763 humilitatem

322 2797 492 2862 ascendere
507 2800 548 2863 ad
563 2803 722 2885 angelicas
737 2804 837 2867 sedes.
869 2805 911 2868 Et
925 2803 1101 2868 habeamus
1113 2802 1318 2887 patientiam,

322 2900 405 2964 sicut
419 2901 487 2985 ipse
498 2904 657 2970 Dominus
672 2908 770 2971 dixit:
790 2909 830 2970 Io
837 2908 995 2990 patientia
1007 2913 1111 2971 vestra
1122 2906 1321 2988 possidebitis

321 3005 443 3068 coimus
463 3014 591 3087 vestras,
613 3019 646 3074 et
665 3011 747 3074 nulli
768 3012 890 3075 malum
909 3034 967 3096 pro
984 3011 1069 3076 malo
1087 3010 1271 3090 reddentes,
1287 3017 1321 3074 et

323 3108 503 3174 castitatem
525 3115 665 3196 corporis
682 3114 785 3178 nostri
807 3115 979 3198 diligenter
1000 3114 1222 3179 observemus:
1247 3114 1322 3198 quia

324 3211 610 3295 sacrosanctos,
628 3216 711 3282 sicut
729 3219 883 3301 scriptum
899 3227 957 3298 est,
973 3240 1034 3282 noa
1054 3217 1176 3282 dubitat
1197 3219 1233 3281 ia
1254 3238 1322 3282 cor·

318 3341 397 3401 pore
405 3323 546 3403 peccatis
558 3322 691 3385 subdito.
721 3322 792 3386 Nec
806 3323 894 3387 frama
908 3322 1073 3400 faciamus,
1082 3321 1139 3387 sed
1153 3321 1194 3385 de
1209 3329 1321 3385 nostro

322 3423 411 3505 justo
440 3423 548 3487 labore
577 3426 690 3488 demus
718 3425 912 3509 pauperibus
941 3426 1168 3510 eleemosynas,
1194 3431 1234 3489 ut
1262 3423 1323 3508 ipsi

326 3531 419 3588 orent
433 3546 492 3608 pro
506 3525 608 3605 nobis,
619 3533 652 3591 et
661 3528 749 3591 Deus
761 3529 928 3612 indulgeat
942 3528 1035 3593 nobis
1046 3533 1178 3611 peccata
1191 3533 1322 3591 nostra:

328 3625 404 3707 quia
422 3630 561 3708 propria
584 3629 698 3692 divitica
719 3632 791 3709 oiri,
804 3633 849 3694 ‘ut
873 3631 993 3714 legitur
1014 3631 1051 3694 in
1074 3630 1250 3714 Sapientia,
1273 3649 1322 3692 re-

329 3729 441 3793 demtio
455 3738 501 3795 eat
515 3734 625 3795 ucimae
639 3735 732 3797 illius.
765 3736 809 3806 Et
824 3734 923 3798 simus
938 3734 1124 3798 obedientes
1139 3733 1324 3798 doctoribus

330 3833 549 3898 ecclesiasticis
563 3835 598 3898 in
613 3837 708 3900 corde
721 3859 803 3920 puro
818 3844 851 3901 et
866 3837 1063 3901 conscientia
1075 3836 1171 3900 bona.
1211 3836 1325 3900 Hono-

330 3956 438 4001 remus
463 3938 609 4002 ecclesias
633 3940 763 4020 Christi,
790 3949 823 4005 et
853 3941 965 4025 saepius
993 3941 1158 4004 veniamus
1184 3939 1228 4004 ad
1256 3961 1324 4004 ora·

330 4040 445 4105 tiones.
488 4042 533 4104 Et
552 4042 745 4107 honoremus
768 4050 917 4127 parentes
940 4049 1076 4121 nostros,
1093 4042 1175 4106 sicut
1196 4041 1234 4105 in
1254 4043 1332 4126 lege,

331 4144 491 4208 Dominus
507 4144 721 4210 demandavit.
764 4149 895 4210 Honora
910 4153 1036 4229 patrem
1051 4153 1136 4209 mum
1151 4151 1181 4208 et
1195 4151 1326 4209 murem

331 4253 426 4310 tuum.
472 4248 537 4312 Sed
562 4257 595 4312 et
619 4258 769 4333 parentes
792 4251 873 4314 filios
903 4272 976 4313 suos
1002 4248 1151 4314 erudiant
1173 4249 1209 4312 iu
1239 4247 1327 4313 omni

332 4350 479 4414 castitate
505 4357 538 4414 et
567 4352 681 4416 timore
711 4353 782 4430 Dei,
812 4374 880 4416 nou
909 4352 1146 4417 consentientes
1175 4351 1239 4415 illis
1267 4371 1327 4415 nec

331 4451 442 4532 sacrari,
456 4474 517 4517 nec
539 4454 700 4532 fornicari,
722 4476 782 4518 nec
804 4456 966 4535 inebriari,
988 4476 1049 4518 neo
1070 4454 1191 4538 aliquid
1208 4455 1328 4540 injuste

332 4576 436 4638 agere.
481 4557 605 4621 Uxores
619 4580 694 4623 vero
709 4581 782 4622 suos
802 4559 934 4623 maritos
955 4560 1093 4623 timeant
1108 4565 1141 4622 et
1155 4557 1327 4634 honorent,
