3259 5467
321 687 388 750 228
578 704 671 748 narn
688 704 728 748 ar
744 702 862 747 vania
879 703 1074 748 eaorronns.

321 845 444 924 Victor,
466 849 639 923 araretur,
662 845 752 922 elam,
766 841 869 926 farto,
892 843 1096 906 morientibus
1119 845 1248 922 anneta,
1272 845 1323 907 illa

322 948 431 1030 aaran
451 945 670 1029 Elpidoforam
690 947 861 1028 &adpicta
883 945 923 1008 de
935 945 1028 1028 sante
1048 945 1165 1010 dadam
1196 954 1324 1028 tanerat,

320 1051 439 1114 tabaria
461 1048 629 1132 bajulabat.
677 1049 793 1122 Qrtibar
812 1049 979 1127 vanitatis,
999 1049 1150 1132 rimam
1172 1052 1208 1114 in
1229 1058 1325 1115 artea-

320 1155 406 1217 eioroe
427 1159 604 1217 aanotmam
625 1153 766 1231 encratia,
789 1153 825 1216 ira
845 1153 895 1214 itia
915 1153 1018 1215 veron
1039 1159 1137 1216 totam
1160 1154 1206 1217 ad
1217 1153 1326 1237 fletam

322 1263 353 1320 et
367 1258 522 1338 lacrymae
543 1256 736 1319 aomrwoiaae
756 1256 874 1319 dicitnr
892 1256 1069 1320 civitatem:
1093 1259 1158 1320 Irae
1177 1263 1251 1320 arat
1270 1257 1325 1320 lin

322 1362 467 1440 teamr‘aa,
482 1359 675 1441 Etoidofhre,
690 1359 832 1423 minister
849 1360 976 1438 moria,
996 1380 1062 1442 qua
1079 1366 1111 1424 te
1128 1360 1325 1438 aaeaaabaat,

322 1466 396 1529 dam
410 1465 555 1548 majestat
567 1467 685 1528 venant
696 1464 882 1546 judicantia,
898 1472 932 1529 et
949 1464 1062 1528 eadem
1081 1464 1204 1528 iterum
1226 1484 1327 1528 rever·

321 1570 404 1634 titur
424 1592 485 1634 vox
506 1570 592 1634 infra
612 1590 662 1653 ep.
684 1568 815 1634 CXLV.
835 1569 938 1633 ordin.
959 1570 1063 1634 Serar.
1084 1570 1181 1636 Vide.
1205 1591 1233 1635 o.
1255 1577 1326 1655 post

321 1673 520 1757 baptismum
538 1672 579 1737 de
598 1693 739 1737 conseer.
759 1672 834 1736 dist.
861 1677 884 1737 4
905 1674 939 1736 S.
962 1674 1059 1756 Greg.
1080 1674 1102 1737 l.
1123 1677 1153 1740 7.
1176 1674 1270 1758 epist.
1285 1675 1325 1737 V.

324 1776 499 1855 Sabanum,
514 1798 632 1860 mappa
645 1778 695 1840 vel
701 1775 914 1859 foederatam,
931 1774 1088 1861 Ugotioni
1102 1784 1137 1841 et
1151 1777 1174 1841 J
1174 1778 1275 1842 oanni
1289 1777 1327 1839 de

318 1881 440 1944 ¹danna.
487 1880 611 1945 Glossae
634 1880 793 1963 antiquae:
827 1881 1071 1963 Manateryr'am,
1097 1881 1144 1943 ad
1165 1880 1328 1962 teryendar

313 2004 432 2046 manaa
451 1989 601 2062 vocatam,
618 1983 762 2046 Sabaraaa
785 1989 889 2046 autem
911 2003 1044 2065 qroemm
1062 1995 1122 2048 eat.
1146 1983 1271 2048 Glossae
1288 1982 1326 2045 ad

313 2086 378 2150 ¹lib.
401 2088 431 2150 1.
453 2086 630 2150 Alexandri
653 2086 895 2169 Iatrosophistae
917 2085 958 2148 de
973 2085 1145 2167 paraiaoib.
1170 2086 1325 2149 Sabaeum

317 2209 443 2271 pararat
470 2189 602 2252 subtilia.
662 2187 771 2252 Alibi:
811 2187 979 2264 Sabaeum,
1003 2209 1131 2270 paremio
1151 2187 1263 2270 factae
1291 2189 1328 2251 de

317 2298 438 2356 antone.
462 2292 569 2356 Math.
595 2292 783 2356 Silvatioua:
809 2292 956 2355 Sabaaora
975 2313 1025 2374 qr.
1049 2291 1209 2355 Sabaeum
1238 2291 1326 2354 iada-

323 2401 456 2457 meatam
489 2401 544 2473 eat,
572 2415 699 2476 pannea
732 2415 824 2475 asper
857 2394 1071 2473 abateraoriaa,
1104 2395 1235 2474 seilicet,
1269 2417 1326 2477 qao

323 2498 459 2559 tornines
473 2502 602 2559 utantur
615 2500 648 2560 ira
663 2497 789 2575 babaria,
800 2499 850 2560 ael
863 2498 957 2560 etiam
971 2495 1126 2579 quodlibet
1142 2497 1269 2561 linteam
1284 2498 1326 2559 ad

323 2601 381 2661 toa
395 2599 606 2679 tarataram?
622 2600 666 2662 W
674 2625 684 2677 3
699 2643 726 2670 =
739 2621 771 2682 p.
789 2596 1128 2683 137,1.290e01redi]
1149 2605 1170 2634 “
1180 2600 1223 2663 In
1238 2600 1326 2664 Beda

323 2701 379 2764 lib.
396 2703 426 2764 5.
442 2701 554 2764 histor.
569 2704 619 2764 14.
630 2702 818 2766 coenredus
828 2710 861 2766 et
875 2702 911 2765 in
925 2702 1013 2785 Epit.
1030 2702 1215 2767 ceolredus.
1263 2702 1325 2767 Sed

323 2803 378 2867 illo
393 2803 414 2866 l.
425 2807 456 2866 5.
469 2824 537 2886 cap.
548 2806 601 2868 20.
614 2804 678 2868 duo
690 2805 851 2870 eoenredi
861 2811 895 2869 et
910 2804 1005 2870 ambo
1016 2805 1216 2870 Marciorum
1224 2827 1324 2890 reges.

323 2906 417 2970 Prior
441 2906 594 2986 Nobilior,
623 2907 731 2990 inquit
757 2908 857 2987 Beda,
887 2909 975 2991 raoni
996 2914 1120 2990 sceptra
1144 2908 1272 2991 radiauit
1295 2915 1325 2972 et

323 3011 543 3094 Romoefaatna
562 3014 736 3076 monachus.
782 3012 946 3077 Posterior
964 3012 1050 3076 filins
1063 3010 1211 3077 Edilredi
1231 3013 1324 3096 regis,

324 3116 380 3199 qui
393 3139 451 3181 rer
465 3115 636 3180 Edilredua
651 3123 763 3199 postea
775 3115 954 3180 monachus
972 3122 1006 3180 et
1020 3115 1129 3180 abbas.
1144 3116 1167 3180 l.
1183 3119 1215 3195 ὅ,
1231 3137 1259 3181 a.
1275 3120 1327 3196 20,

324 3220 364 3283 de
385 3220 529 3285 Cedredo
551 3219 726 3303 posteriore
747 3240 852 3284 sermo
871 3219 935 3298 hio,
950 3218 991 3283 de
1010 3219 1103 3303 cujus
1118 3218 1326 3285 damnatione

323 3323 414 3406 epist.
431 3323 525 3387 XXI.
540 3329 574 3386 et
591 3323 713 3387 LXXI.
729 3321 760 3386 ei
781 3323 934 3387 suecessit
955 3320 1151 3386 Edilwaidua
1168 3322 1210 3387 ad
1231 3345 1326 3408 quem

320 3426 389 3508 jam
411 3448 525 3491 sermo.
570 3427 661 3491 Beda
682 3426 769 3510 Epit.
785 3448 872 3491 anno
890 3424 1050 3491 Dccxh.
1066 3426 1122 3509 qni
1136 3425 1325 3490 Edilbaldus

324 3529 456 3593 tandem
472 3550 558 3592 anno
568 3530 767 3594 DCCLVII.
783 3529 935 3613 (triennio
950 3529 1071 3594 scilieet
1085 3535 1159 3613 post
1175 3528 1210 3593 S.
1228 3529 1325 3594 Boni-

323 3630 397 3693 faaii
421 3633 625 3716 martyrium)
653 3654 673 3696 a
695 3635 761 3697 arria
789 3634 952 3712 tatoribus,
976 3632 1086 3715 inquit
1109 3632 1211 3713 Beda,
1237 3639 1327 3697 nocta

324 3739 422 3796 marte
453 3733 662 3815 fraudolenta
698 3736 917 3800 mirarabiliter
945 3741 1124 3818 peremptas
1160 3737 1325 3800 aaarbait:

324 3837 502 3901 Beoaredaa
524 3859 656 3921 reynare
677 3840 800 3922 erepit?
822 3839 956 3917 W;=1.
979 3841 1023 3903 30
1045 3837 1176 3923 Oeredi]
1227 3840 1327 3902 “Rae

324 3939 663 4022 Nordaatambraram,
672 3964 755 4025 puer
774 3948 841 4006 octo
859 3943 985 4006 circiter
1006 3960 1167 4020 amoram,
1186 3943 1326 4024 reynarit

324 4043 415 4106 annia
435 4047 485 4123 ll,
500 4043 556 4108 lib.
573 4048 604 4123 5,
620 4065 648 4108 o.
665 4048 717 4110 19.
734 4045 825 4109 Beda
840 4052 873 4108 et
887 4045 923 4109 in
937 4044 1025 4128 Epir.
1041 4065 1128 4108 anno
1142 4042 1326 4108 Dcoxvl.

328 4148 463 4212 Oaredar
483 4171 541 4213 rea
562 4150 893 4214 Nordaratambroram
922 4147 1103 4230 interfectae
1131 4153 1188 4226 eat,
1211 4153 1244 4212 at
1271 4168 1328 4212 rea

323 4251 514 4315 Marciorum
535 4253 702 4316 Ceolredaa
715 4251 877 4334 defirnataa
902 4257 958 4330 eat,
979 4257 1013 4315 et
1034 4273 1062 4316 a.
1080 4253 1124 4316 23
1145 4258 1220 4335 pont
1241 4250 1327 4315 hune

325 4354 465 4419 occisum
480 4357 594 4419 dicitnr
602 4355 705 4438 saiaae
719 4377 777 4420 rea
791 4355 1123 4420 Nordanlrambroram
1144 4355 1327 4433 Gadaredar,

326 4458 376 4519 cni
399 4462 543 4523 successit
570 4461 705 4539 Oarion,
731 4479 758 4524 o.
783 4462 828 4524 24
853 4467 887 4524 et
912 4460 988 4524 huic
1014 4458 1210 4523 Coolwnlfns
1230 4458 1328 4522 frater

326 4559 495 4641 coinredi,
507 4563 561 4646 qui
577 4571 673 4628 antea
686 4569 838 4646 regnarat
853 4562 896 4627 ib.
907 4563 984 4627 huio
994 4561 1224 4628 Radbertusin
1237 4561 1324 4646 Epir.
