3259 5467
702 724 739 766 ns
757 723 930 768 concurs.
1250 706 1315 769 249

311 870 373 942 rat,
392 866 480 929 Gula
500 886 563 930 sira
585 884 680 930 eausa
695 868 834 949 primum
856 873 1011 949 coeperunt
1025 867 1161 931 domines
1175 867 1316 950 prandia

311 971 443 1033 mortuis
450 991 644 1053 preparare,
661 992 727 1053 qun
740 972 802 1052 ipsi
817 971 1007 1034 comederent
1021 978 1079 1035 eto.
1117 969 1251 1036 Carolus
1265 971 1316 1035 M.

312 1071 349 1136 in
379 1073 555 1157 capitular.
586 1074 844 1158 superstitiosum
877 1075 965 1138 hunc
997 1074 1097 1138 ritum
1130 1073 1315 1158 prohibuit:

313 1177 558 1255 Admoneantur,
575 1179 621 1241 ait
635 1177 756 1259 fideles,
775 1184 808 1241 ut
832 1179 876 1241 ud
895 1197 966 1240 suos
987 1184 1123 1241 mortuos
1142 1198 1203 1241 non
1222 1183 1318 1262 apant

314 1300 362 1358 ea,
388 1301 453 1362 pun
478 1282 517 1345 de
532 1302 730 1363 papanorum
758 1283 824 1345 ritu
848 1287 1062 1344 remanserunt
1089 1328 1148 1345 ...
1172 1288 1203 1345 et
1227 1302 1320 1364 super

314 1403 420 1446 eorum
435 1386 567 1447 tumulos
580 1404 637 1448 nec
651 1385 839 1447 manducare
853 1404 909 1447 nec
924 1383 1025 1447 iibere
1032 1391 1234 1466 presumant.

360 1487 428 1550 III.
443 1488 493 1550 De
503 1487 696 1569 spurcalibus
707 1488 741 1551 in
751 1485 948 1572 Februario]
974 1487 1186 1570 spurcissima
1200 1488 1321 1554 Bacchi

316 1588 400 1653 festa
415 1590 474 1653 suh
489 1589 587 1654 hacce
606 1590 746 1673 paganis
764 1589 921 1673 intelligo.
967 1588 1051 1654 Cum
1065 1590 1121 1653 illa
1134 1591 1320 1655 Bonifnoius

316 1692 543 1776 prohibuisset,
581 1715 661 1775 gens
702 1715 830 1777 pagana
870 1692 1045 1776 respondit,
1082 1699 1121 1756 ut
1156 1693 1192 1756 in
1228 1694 1320 1777 epist.

317 1796 491 1860 CXXXII.
508 1796 549 1860 ad
564 1796 752 1860 Zachariam
767 1797 832 1860 ΡΡ.
848 1796 988 1860 relatum
1008 1803 1067 1874 est,
1083 1817 1217 1880 nempe:
1244 1797 1322 1859 Ger·

315 1902 404 1962 nates
422 1900 566 1977 domines,
582 1900 686 1962 idiota
700 1900 869 1962 Alemanni
886 1946 893 1961 .
911 1947 919 1962 .
937 1947 945 1962 .
963 1946 970 1961 .
986 1899 1036 1961 uel
1050 1899 1176 1977 Franci,
1191 1898 1219 1962 si
1224 1899 1324 1981 juata

316 2004 491 2066 Romanam
507 2002 613 2066 urbem
634 2003 756 2084 aliquid
767 2002 878 2084 sacere
897 2002 1033 2066 uiderint
1052 2023 1091 2065 ea
1110 2004 1160 2066 iis
1172 2003 1322 2084 peccatis,

318 2127 385 2188 pun
399 2126 456 2169 nas
467 2106 676 2187 prohibemus,
697 2107 814 2169 licitum
835 2111 866 2169 et
885 2125 1058 2168 concessum
1078 2127 1098 2168 a
1114 2105 1325 2169 sacerdotibus

317 2230 384 2273 esse
392 2215 509 2290 putant
523 2215 554 2272 et
567 2209 655 2272 notis
669 2210 887 2290 improperium
899 2210 1058 2290 deputant,
1070 2208 1130 2272 sibi
1144 2209 1324 2272 scandatum

317 2313 390 2375 aitae
405 2313 570 2394 accipiunt,
585 2296 667 2376 sient
681 2297 848 2396 affirmant,
863 2312 1025 2375 sevidisse
1044 2312 1135 2374 annis
1148 2313 1278 2394 sinputis
1291 2312 1326 2376 in

318 2416 462 2478 Romana
478 2415 553 2478 urie
570 2436 610 2479 en
621 2415 721 2497 jueta
743 2416 903 2478 ecclesiam
924 2415 1026 2478 sancti
1046 2415 1136 2478 Petri
1155 2415 1189 2478 in
1210 2416 1260 2478 dic
1278 2417 1328 2479 oei

319 2525 417 2597 nocte,
435 2519 557 2601 quando
576 2519 651 2581 Kal.
673 2519 822 2582 Januarii
841 2519 973 2598 intrant,
986 2538 1183 2600 papauerum
1203 2539 1326 2583 consue-

321 2622 427 2684 tudine
450 2624 559 2686 choros
582 2622 693 2684 ducere
711 2642 773 2703 per
792 2623 919 2702 plateas
944 2627 975 2684 et
1002 2623 1239 2686 acclamationes
1263 2624 1329 2686 rita

317 2725 479 2806 pontidium
500 2731 530 2788 et
549 2725 741 2788 cantationes
765 2726 936 2806 saerilepas
959 2725 1133 2800 celebrare5
1159 2732 1190 2790 et
1209 2746 1330 2790 mensas

322 2828 379 2890 illa
394 2829 445 2891 die
458 2829 508 2892 oei
525 2835 614 2893 nacte
629 2829 760 2910 dapibus
780 2850 918 2908 onerare,
935 2835 965 2893 et
984 2832 1100 2893 nultum
1115 2831 1152 2894 de
1168 2830 1257 2896 domo
1270 2852 1328 2895 sna

321 2931 370 2993 vet
382 2932 484 3012 ipnem
498 2934 547 2995 aet
551 2931 780 3013 ferramentum
794 2934 844 2995 aet
860 2933 982 3014 aliquid
994 2933 1143 2997 commodi
1157 2935 1258 2997 ricino
1273 2955 1329 2999 suo

314 3041 471 3115 prestare
494 3037 579 3099 velie.
624 3036 743 3100 Dicunt
768 3056 895 3118 quoque,
922 3035 1093 3099 sevidisse
1118 3035 1162 3098 ibi
1186 3037 1330 3100 mulieres

315 3157 443 3218 popano
457 3139 522 3201 ritu
537 3140 737 3220 phylacteria
759 3146 790 3203 et
812 3140 966 3220 tipaturas
987 3145 1018 3202 et
1039 3139 1074 3202 in
1096 3138 1232 3202 braciiis
1251 3145 1282 3202 et
1296 3140 1331 3203 in

323 3240 465 3303 muribus
479 3242 595 3323 tipatas
614 3242 727 3306 hahere
748 3249 779 3306 et
794 3242 919 3323 publiea
942 3243 987 3305 ed
1004 3241 1194 3305 condendum
1208 3243 1331 3306 versans

324 3344 368 3405 ad
385 3345 624 3424 comparandum
645 3346 719 3407 aliis
740 3345 862 3427 offerre,
883 3365 948 3427 quae
969 3345 1072 3409 omnia
1091 3365 1126 3408 ea
1146 3344 1290 3427 quodibi
1309 3365 1331 3408 a

323 3446 500 3509 caritatibus
514 3453 545 3510 et
558 3448 773 3529 insipientibus
793 3448 948 3525 videntur,
963 3447 1051 3511 nabis
1070 3449 1122 3512 iic
1135 3454 1166 3511 et
1180 3448 1331 3531 imprope-

323 3549 405 3611 rium
415 3555 447 3612 et
459 3550 708 3631 impedimentum
717 3550 956 3631 predicationis
965 3554 997 3614 et
1008 3549 1155 3614 doctrina
1162 3550 1332 3634 perficiunt

326 3698 436 3715 .....
452 3652 531 3716 istm
549 3655 710 3735 papanius
734 3653 779 3715 im·
797 3654 979 3734 paternitas
1003 3659 1106 3718 vestra
1131 3655 1166 3718 in
1190 3656 1333 3719 Romana

322 3754 398 3818 urbe
418 3755 667 3836 siproiibuerit,
687 3762 717 3819 et
736 3755 796 3819 sibi
817 3758 984 3820 mercedem
1005 3763 1037 3820 et
1056 3757 1143 3820 naim
1160 3761 1331 3822 monimum

319 3857 495 3938 profectum
520 3859 554 3920 in
577 3858 719 3922 doctrina
743 3859 953 3922 ecclesiastica
977 3860 1117 3941 acquiret
1141 3905 1252 3923 .....
1277 3860 1332 3924 Ad

324 3961 393 4024 haec
412 3961 557 4044 pontifex
576 3961 612 4023 in
631 3962 841 4044 responsoriis
859 3963 920 4045 Ep.
942 3961 1088 4025 CXLII:
1110 3962 1160 4025 De
1185 3962 1333 4026 Calendis

324 4065 487 4127 Januariis
500 4066 550 4127 vet
568 4064 686 4127 caeteris
706 4065 856 4147 cupariis,
867 4065 1074 4149 phylacteriis
1093 4069 1124 4128 et
1144 4065 1330 4129 incantatio-

326 4166 483 4230 nituisset
501 4167 575 4230 aliis
595 4168 725 4231 diversis
745 4167 1016 4245 animationem,
1033 4188 1099 4250 quo
1114 4168 1226 4249 pontiti
1247 4188 1334 4232 more

326 4269 482 4332 obsonari
500 4270 610 4333 dinisti
630 4271 716 4351 apud
733 4272 773 4334 Β.
790 4273 920 4335 Petrum
938 4272 988 4334 vd
1005 4272 1039 4334 in
1057 4271 1132 4334 urbe
1150 4272 1260 4348 Roma,
1275 4273 1333 4335 ine

326 4378 356 4435 et
371 4373 458 4436 noim
472 4379 503 4436 et
517 4373 656 4437 omnibus
674 4375 862 4438 Christianis
882 4373 1060 4438 detestabile
1079 4379 1109 4437 et
1122 4375 1333 4456 perniciosum

327 4495 391 4538 esse
407 4477 588 4557 judicamus
618 4477 737 4540 dicente
761 4478 906 4556 Domino,
931 4498 992 4540 nan
1021 4476 1259 4558 superabimini,
1284 4478 1334 4540 aet

328 4584 418 4657 certe,
434 4599 495 4642 non
510 4578 711 4642 observabitis
725 4581 864 4654 somnia;
887 4581 1044 4644 etiterum
1063 4580 1218 4660 scriptura
1235 4580 1333 4644 dicit:

819 4703 841 4745 n
