3259 5467
616 696 768 740 lucrose
786 694 1011 737 wicmanno.
1250 670 1312 734 167

311 839 395 903 ciam
411 839 599 917 Hessorum‚
615 838 669 900 alii
684 837 782 901 etiam
801 837 836 900 in
856 836 1067 919 Thuringiam
1084 835 1232 918 dispersi,
1247 837 1313 899 late
1333 901 1338 907 ,

305 960 369 1026 per
383 943 575 1028 populorum
589 963 687 1025 pagos
703 963 739 1005 ao
754 942 838 1004 vicos
858 941 992 1004 verbum
1007 941 1068 1004 Dei
1086 939 1310 1023 praedicabant.

314 1044 466 1130 Cumque
480 1047 594 1128 ingens
610 1046 777 1127 utriusque
796 1045 906 1128 populi
920 1044 1103 1122 multitude,
1120 1043 1194 1107 fidei
1209 1065 1312 1106 saera·

312 1158 424 1213 menta
446 1150 556 1213 multis
583 1149 723 1212 millibus
746 1149 914 1211 hominum
936 1148 1105 1230 baptizatis
1124 1148 1310 1231 perciperet,

308 1254 378 1336 jam
402 1253 555 1317 defuncto
579 1241 683 1316 beatae
703 1251 865 1315 memoriae
890 1251 1045 1334 Gregorio
1067 1252 1207 1316 secundo
1229 1251 1313 1314 sedis

310 1356 504 1439 Apostolicae
533 1357 629 1438 Papa,
654 1362 687 1418 et
711 1355 849 1436 glorioso
877 1354 1018 1437 praefatae
1047 1355 1130 1418 sedis
1157 1355 1312 1437 Gregorio

308 1460 438 1542 juniore
452 1460 629 1543 Apostohci
649 1459 797 1524 culminis
821 1459 972 1523 cathedra
990 1459 1191 1543 praesidente,
1207 1459 1313 1523 denno

313 1564 451 1626 Romam
472 1563 584 1626 nuncii
605 1563 674 1645 ejus
696 1569 863 1640 venerunt,
886 1571 1096 1646 sanctumque
1119 1562 1202 1626 sedis
1225 1563 1313 1646 Apo-

313 1666 433 1728 stolioae
448 1666 637 1729 Pontificem
653 1665 782 1727 allocuti
798 1672 892 1728 sunt:
916 1664 1008 1748 eique
1029 1664 1143 1747 prioris
1166 1664 1313 1728 amicitiae

313 1768 444 1846 foedera,
468 1791 540 1853 quae
564 1768 812 1832 misericorditer
834 1768 874 1831 ab
897 1775 1096 1832 antecessore
1119 1789 1176 1832 suo
1202 1775 1313 1858 sancto

314 1872 490 1950 Bonifacio,
503 1873 635 1958 ejusque
650 1871 779 1935 famihae
793 1872 909 1935 collata
919 1879 1005 1949 sunt,
1016 1872 1310 1936 manifestaverunt.

314 1976 378 2039 Sed
394 1982 427 2039 et
442 1976 589 2039 devotam
610 1976 679 2060 ejus
698 1975 733 2038 in
749 1974 897 2038 futurum
914 1975 1104 2037 humilitatis
1119 1975 1312 2056 Apostolicae

311 2080 381 2143 sedi
404 2079 635 2164 subjectionem
661 2088 890 2145 narraverunt:
923 2088 956 2145 et
980 2088 1019 2144 ut
1043 2081 1253 2145 familiaritati
1268 2104 1311 2145 'ac

311 2183 532 2248 communioni
556 2185 659 2248 sancti
681 2184 856 2262 Pontificio,
880 2191 976 2267 atque
998 2185 1097 2248 totius
1120 2184 1202 2248 sedis
1224 2185 1310 2268 Apo·

312 2288 441 2365 stolicae,
457 2309 495 2351 ex
510 2288 571 2351 hoo
587 2288 699 2352 devote
715 2288 878 2371 subjectus
889 2289 1149 2366 communicaret,
1161 2289 1312 2372 quemad-

312 2391 445 2454 modum
460 2391 564 2455 edocti
580 2400 682 2468 erant,
698 2392 923 2476 precabantur.
956 2393 1075 2457 Statim
1090 2415 1165 2476 ergo
1181 2401 1311 2458 sanctus

312 2495 395 2558 sedis
415 2497 607 2580 Apostolicae
627 2499 715 2581 Papa
735 2497 904 2580 pacificum
926 2497 1046 2580 profert
1065 2519 1262 2582 responsum,
1278 2506 1312 2563 et

313 2620 405 2661 suam
435 2599 581 2682 sedisque
607 2600 801 2684 Apostolioae
829 2600 1063 2679 familiaritatis,
1094 2608 1127 2665 et
1163 2601 1313 2666 amicitiae

311 2702 572 2766 communionem
592 2710 660 2766 tam
682 2710 793 2791 sancto
810 2703 986 2781 Bonifacio,
1009 2726 1109 2787 quam
1131 2705 1229 2769 etiam
1251 2706 1312 2769 sibi

311 2805 464 2890 subjectis
478 2806 688 2886 condonavit:
712 2813 903 2890 sumptoque
925 2807 1225 2893 Archiepiscopatus
1243 2809 1311 2892 pal·

311 2908 366 2986 lio,
396 2929 471 2972 oum
500 2908 697 2988 muneribus,
725 2909 917 2992 diversisque
947 2917 1131 2994 sanctorum
1159 2911 1311 2994 reliquiis,

311 3013 435 3095 legatos
449 3010 622 3076 honorifice
636 3013 760 3076 remisit
775 3013 817 3077 ad
830 3013 976 3096 patriam.

355 3115 609 3180 Advenientibus
625 3137 701 3200 ergo
716 3117 850 3195 nuntiis,
866 3137 903 3180 ac
918 3123 1094 3200 spontanea
1112 3116 1170 3179 viri
1186 3123 1311 3199 aposto-

311 3220 364 3303 lici
373 3219 586 3284 referentibus
596 3241 758 3303 responsa,
770 3221 840 3304 jam
851 3218 1107 3303 gratulabundus
1118 3220 1315 3301 Apostolicae

305 3325 396 3389 sedis
418 3322 552 3400 nimium
576 3324 775 3389 confortatus
798 3323 974 3388 devotionis
996 3322 1165 3404 suffragio:
1189 3343 1311 3406 opeque

312 3423 428 3486 divinae
447 3423 671 3488 misericordiae
692 3425 866 3509 inspiratus
884 3424 963 3487 duas
985 3423 1139 3488 videlicet
1153 3423 1311 3488 Ecclesiae

311 3527 455 3591 Domino
472 3527 647 3607 fabricavit,
663 3550 763 3591 unam
785 3528 903 3612 quippe
922 3528 957 3590 in
977 3526 1144 3605 frideslar,
1161 3549 1258 3613 quam
1276 3529 1312 3593 in

311 3630 467 3693 honorem
479 3637 664 3695 sanctorum
675 3631 764 3694 Petri
774 3639 806 3694 et
818 3631 911 3695 Pauli
922 3630 1074 3714 principis
1083 3629 1312 3713 Apostolorum

312 3733 517 3812 consecravit,
539 3739 572 3797 et
595 3735 728 3798 alteram
750 3734 786 3797 in
809 3732 1050 3816 Hameneburg
1096 3731 1192 3799 Hanc
1214 3736 1313 3800 etiam

311 3837 347 3899 in
370 3837 527 3901 honorem
557 3838 590 3901 S.
611 3837 781 3901 Michaelis
806 3837 1003 3920 Archangeli
1026 3837 1193 3902 dedicavit.
1238 3840 1312 3907 Duo

313 3961 439 4023 quoque
461 3940 687 4005 monasteriola
712 3939 836 4031 duabus
859 3941 1000 4025 injunxit
1026 3940 1174 4026 eeclesiis,
1198 3941 1312 4025 hisque

311 4065 379 4107 non
408 4042 577 4107 minimam
602 4044 808 4108 servientium
838 4043 908 4109 Deo
933 4043 1176 4108 multitudinem
1202 4045 1312 4109 subro-

312 4146 418 4229 gavit:
447 4146 550 4213 itaut
570 4169 672 4230 usque
690 4147 786 4212 hodie
806 4149 909 4232 gloria
929 4155 962 4213 et
980 4142 1163 4212 benedictio
1185 4155 1218 4212 et
1241 4171 1311 4231 gra-

312 4250 434 4313 tiarum
458 4251 542 4314 actio
568 4250 697 4315 domino
722 4253 791 4316 Deo
814 4252 926 4316 devote
950 4251 1143 4316 conferatur.
1188 4249 1312 4334 Hisque

313 4353 462 4417 omnibus
476 4353 537 4418 rite
552 4354 723 4433 confectis;
739 4356 980 4438 Bagoariorum,
990 4353 1188 4438 temporibus
1198 4352 1312 4438 Hugo·

312 4457 397 4522 berti
412 4458 522 4538 Ducis,
535 4458 613 4523 adiit
628 4465 740 4537 terras,
755 4457 1053 4541 praedicationisque
1068 4457 1212 4522 studium
1227 4458 1313 4540 apud

314 4583 368 4625 eos
399 4561 644 4643 diligentissime
675 4561 827 4643 exercuit,
858 4569 891 4625 et
927 4561 1045 4624 multas
1082 4560 1311 4626 considerando
