3259 5467
319 690 383 755 124
462 709 641 754 aonvracn
660 707 1172 755 uncnvnr1scor1urusnrvn1s

317 846 458 934 formari,
474 863 507 921 et
522 854 684 920 Davidicis
699 854 892 938 psalmorum
911 853 1068 934 melodiis,
1084 862 1117 920 et
1132 863 1319 920 sanctorum

317 959 564 1043 Evangeliorum
575 957 735 1022 mellifluis
746 956 948 1036 lectionibus,
961 964 1058 1042 atque
1067 958 1192 1022 caeteris
1205 958 1319 1023 divinis

316 1061 596 1127 exercitationibus
625 1060 855 1144 perfectissime
883 1060 1011 1139 instrui,
1040 1067 1155 1145 utpote
1185 1062 1318 1146 superni

316 1172 478 1249 respectus
501 1163 673 1248 pransione
701 1163 849 1241 refectus,
876 1162 968 1246 quasi
996 1163 1031 1227 in
1058 1164 1202 1248 specioso
1227 1187 1319 1249 para-

317 1268 442 1353 disiacae
462 1267 659 1332 amoenitatis
682 1288 804 1350 campo,
819 1267 934 1351 pedem
951 1267 1020 1350 jam
1040 1268 1247 1351 transfigens,
1262 1291 1319 1353 per

317 1373 434 1455 gradus
449 1372 604 1435 virtutum
622 1371 734 1435 dietim
757 1370 972 1434 efficacissime
992 1371 1216 1436 exterminatis
1235 1372 1323 1437 vitiis

316 1475 469 1539 transiret
480 1475 516 1538 in
531 1473 675 1556 gloriam.
711 1473 810 1557 Cujus
827 1472 925 1536 etiam
940 1472 1066 1536 subtilis
1081 1472 1318 1557 intelligentiae,

316 1577 438 1660 virique
463 1575 586 1660 ingenii
617 1575 821 1640 efficientiam
847 1575 918 1659 quis
947 1572 1131 1659 expandat?
1178 1577 1319 1660 Spiritus

316 1681 420 1744 sancti
444 1681 549 1764 gratia
572 1686 773 1764 cooperante,
795 1679 893 1743 nullis
920 1679 1100 1744 divinorum
1124 1680 1318 1746 lectionibus

317 1784 507 1867 studiorum,
522 1783 619 1847 nullis
634 1782 793 1847 bonorum
814 1782 958 1847 moribus
978 1783 1196 1867 exemplorum
1213 1785 1325 1868 aliqua

316 1886 486 1951 difficultas
508 1885 785 1970 percipiendarum
808 1907 917 1948 rerum
937 1907 1004 1949 suae
1026 1886 1197 1969 capacitati
1218 1886 1318 1971 impe·

317 1989 404 2054 divit.
444 1990 494 2053 De
508 1988 627 2052 talibus
643 1994 872 2052 commemorat
887 1987 941 2053 ille
955 1989 1102 2072 egregius
1116 1989 1317 2072 praedicator,

315 2093 371 2176 qui
398 2092 494 2156 dicit:
527 2093 626 2155 Nulla
651 2093 696 2155 od
716 2092 893 2155 discendum
917 2112 1005 2155 mora
1028 2097 1084 2170 eat,
1104 2093 1158 2155 ubi
1180 2093 1319 2175 Spiritus

314 2202 440 2259 sanctas
458 2197 566 2259 doctor
583 2196 680 2258 odeat.
725 2195 815 2259 Dum
834 2195 870 2258 in
886 2194 936 2259 his
957 2195 1028 2259 Deo
1042 2194 1179 2260 dilectus
1195 2195 1317 2260 adoles-

316 2320 392 2362 cens
404 2298 536 2362 Livinus
552 2297 795 2381 diligentissime
809 2298 938 2362 floreret
954 2298 1078 2377 studiis,
1094 2299 1235 2382 contigit
1249 2321 1318 2362 ma·

316 2401 453 2483 gistrum
478 2423 573 2465 suum
599 2401 784 2484 Benignum
808 2401 915 2484 dignae
938 2401 1101 2465 memoriae
1124 2401 1231 2465 virum
1257 2402 1317 2466 hac

315 2505 381 2568 vita
396 2506 483 2584 solvi,
500 2512 533 2570 et
549 2527 687 2589 superna
699 2506 884 2590 promereri,
894 2507 987 2589 cujus
1002 2507 1125 2570 exitum
1141 2505 1316 2591 discipulus

315 2608 431 2690 vigiliis
455 2616 488 2672 et
513 2609 711 2673 orationibus
737 2609 983 2674 commendabat
1006 2608 1148 2681 Domino
1172 2610 1317 2694 quotidie

315 2712 398 2775 mira
412 2711 532 2794 pietate
547 2711 690 2775 devotus.
802 2732 804 2735 ·

331 2878 333 2883 s
359 2814 516 2879 Quaedam
538 2815 777 2879 materfamilias
802 2814 908 2880 Salvia
929 2814 1061 2879 nomine
1084 2815 1197 2880 nutrix
1220 2839 1315 2882 vene·

312 2917 423 2982 rabilis
437 2918 528 3002 pueri
538 2917 644 2981 Livini
659 2940 698 2982 ex
713 2918 841 2982 assidua
856 2940 914 2982 sua
924 2917 1111 2983 infirmitate
1122 2940 1181 3002 per
1194 2921 1314 2985 multos

313 3020 523 3104 languescens
546 3022 623 3100 dies,
645 3021 686 3086 ad
705 3021 835 3085 fatalem
855 3021 924 3105 jam
946 3029 1169 3106 properaverat
1191 3023 1313 3103 horam,

313 3146 384 3207 quae
407 3126 549 3209 pondere
572 3125 685 3188 mortis
711 3126 878 3208 aggravari
901 3132 1051 3210 coeperat,
1070 3131 1104 3190 et
1125 3125 1196 3209 jam
1223 3127 1314 3210 quasi

313 3227 424 3311 ignota
438 3228 535 3292 facies
550 3228 635 3292 illius
650 3227 813 3292 exhaustis
829 3228 929 3311 genis,
945 3228 1108 3312 nimiaque
1122 3229 1315 3312 pallitudine

311 3332 561 3417 opprimebatur,
577 3353 614 3395 ac
629 3331 687 3395 sub
704 3330 815 3414 rigidis
837 3332 1012 3395 luminibus
1031 3331 1235 3396 imbecilliter
1255 3333 1313 3396 cir·

312 3440 511 3498 eumstantes
533 3434 732 3512 intuebatur,
749 3434 877 3497 nullum
898 3440 1009 3499 tamen
1031 3454 1219 3517 agnoscens,
1236 3456 1312 3519 quo·

312 3534 401 3597 niam
425 3534 626 3599 obnubilatio
649 3536 773 3599 externi
793 3536 879 3600 visus
900 3537 1065 3621 impedivit
1086 3558 1169 3601 eam.
1215 3537 1313 3602 Unde

312 3637 512 3702 ineluctabili
526 3637 697 3701 moerentia
710 3661 777 3702 non
792 3640 992 3704 solummodo
1010 3640 1128 3704 civium
1147 3639 1312 3705 familiaris

313 3742 434 3817 concio,
459 3747 555 3824 atque
581 3742 768 3805 contectalis
795 3743 909 3807 devota
934 3742 1210 3808 contubernalitas
1238 3765 1312 3808 con·

312 3844 535 3924 tristabantur,
550 3865 661 3913 verum
677 3851 710 3909 et
726 3846 880 3928 gloriosus
895 3847 981 3927 Dux,
998 3854 1031 3910 et
1046 3847 1116 3930 ejus
1129 3847 1312 3930 palatinalis

313 3948 495 4014 veneranda
509 3947 688 4024 sublimitas
702 3956 795 4013 tanto
810 3949 920 4029 dolori,
936 3950 1099 4014 affectuali
1118 3950 1224 4015 cordis
1237 3973 1324 4017 con-,

311 4053 454 4130 tuitione,
469 4052 641 4117 tenerrime
657 4052 944 4136 compatiebantur.
991 4053 1074 4118 Quae
1091 4053 1161 4138 jam
1183 4076 1259 4121 cum
1278 4056 1312 4119 in

313 4159 442 4223 ruinam
465 4157 575 4221 mortis
598 4157 687 4240 vergi
710 4157 879 4238 videretur,
902 4164 935 4221 et
960 4179 1090 4242 prorsus
1114 4159 1313 4224 conclamata

314 4261 547 4346 desperaretur,
558 4260 687 4324 interim
704 4260 874 4324 accersitus
889 4261 1018 4326 advenit
1033 4268 1165 4326 sanctus
1180 4262 1312 4327 Livinus

313 4386 395 4449 puer
416 4384 579 4449 properus,
604 4364 748 4446 gloriosis
770 4363 944 4428 virtutibus
970 4365 1199 4448 glorificandus
1227 4366 1312 4430 inter

314 4469 435 4535 medios
450 4467 655 4531 moerentium
670 4473 771 4530 coetus
787 4489 933 4551 supernae
952 4467 1176 4561 illustrationis
1189 4468 1312 4533 lumine

314 4570 425 4648 fretus,
451 4571 491 4635 ad
518 4569 687 4659 grabatum
712 4569 902 4655 properabat
926 4571 1049 4636 dilectae
1074 4571 1222 4651 nutricis,
1243 4572 1309 4656 jam
