3259 5467
315 687 379 749 212
573 701 666 743 norm
682 701 723 744 ur
738 700 855 744 vaura
871 699 1066 743 uncrrouus.

315 844 572 910 contrahendum
587 842 717 926 quidem
731 840 877 924 impedit,
887 846 1090 905 contractum
1101 850 1178 904 vero
1190 837 1315 914 dirimit,

314 956 353 1013 ut
367 947 463 1012 multi
478 954 550 1011 tum
564 951 795 1023 conquestum
806 943 946 1027 capitula
960 942 996 1007 in
1007 944 1081 1027 jure
1093 944 1214 1009 docent
1228 965 1318 1008 cano

315 1051 387 1115 nico
402 1049 487 1134 apud
503 1048 697 1114 Gratianum
719 1049 772 1110 30.
789 1067 819 1130 q.
838 1049 867 1110 l.
884 1053 917 1112 et
932 1048 963 1109 3.
982 1053 1017 1111 et
1037 1046 1075 1111 in
1096 1046 1317 1113 Decretalibus

315 1177 353 1220 ac
368 1160 458 1218 sexto
472 1153 513 1217 de
527 1151 719 1235 cognatione
731 1149 900 1234 spirituali.
929 1151 980 1214 Ac
988 1171 1064 1215 vero
1078 1151 1239 1234 ejusmodi
1253 1155 1317 1220 vin-

315 1257 380 1322 culi
393 1256 566 1320 maximam
581 1276 601 1319 a
616 1253 771 1318 &manis
781 1254 852 1338 jam
865 1252 943 1317 olim
958 1252 1171 1319 Pontificibus
1181 1256 1204 1318 J
1204 1257 1271 1323 ulio
1287 1268 1319 1324 et

315 1360 500 1436 Ooelestino‚
522 1358 679 1440 variisque
704 1356 847 1421 conciliis
870 1356 1015 1420 habitam
1040 1359 1204 1424 rationem
1228 1363 1318 1427 testis

315 1471 366 1528 est
389 1461 569 1526 Deusdedit
594 1460 745 1524 Pontifex
771 1459 905 1542 epistola
928 1460 971 1523 ad
995 1459 1199 1525 Gordianum
1225 1464 1317 1548 episc.

317 1563 410 1648 Hisp.
437 1565 464 1629 si
493 1584 568 1627 vero
593 1584 632 1627 ea
660 1583 822 1626 canonum
851 1561 1026 1641 volumina,
1050 1562 1079 1626 is
1102 1563 1192 1643 ordo,
1220 1586 1318 1650 eaque

315 1669 421 1745 series,
437 1689 509 1750 quae
523 1686 612 1729 nunc
626 1672 685 1743 est,
703 1665 736 1728 S.
753 1663 912 1729 Bouifacii
931 1672 1077 1748 tompore
1095 1665 1221 1746 fuisset,
1237 1690 1317 1732 nun·

315 1793 412 1855 quam
431 1771 493 1833 ista
516 1768 557 1832 de
578 1768 753 1851 quaestione
779 1767 860 1831 adeo
885 1766 1073 1832 dubitasset.
1118 1769 1222 1834 Nunc
1247 1793 1318 1836 vero

315 1875 384 1959 ejus
404 1880 437 1938 et
456 1873 491 1936 in
509 1871 682 1955 quaerendo
701 1891 738 1933 ac
757 1870 988 1954 interrogando
1007 1871 1181 1952 laudanda,
1198 1895 1271 1957 quae
1285 1883 1317 1938 et

314 1977 420 2041 hicet
442 1975 586 2060 ep.XV.
608 1995 645 2038 ac
670 1973 783 2037 XXII.
806 1974 960 2052 cernitur,
984 1974 1138 2039 sedulitas
1162 1983 1197 2040 et
1220 1978 1318 2041 animi

313 2101 508 2163 magnopere
532 2077 691 2142 imitanda
715 2077 875 2155 demissio,
902 2077 981 2141 dum
1005 2099 1073 2142 non
1096 2078 1263 2163 episcopos
1286 2088 1319 2145 et

315 2184 393 2248 alios
407 2190 536 2246 tantum
550 2181 738 2263 interrogat,
751 2180 807 2244 sed
823 2187 857 2244 et
871 2201 945 2244 suos
960 2180 1124 2264 quondam
1135 2181 1317 2267 discipulos,

314 2287 355 2352 ab
384 2287 424 2350 iis
448 2287 518 2370 jam
547 2284 654 2348 senior
682 2283 789 2348 doceri
817 2283 926 2348 volens
955 2304 1005 2367 ep.
1032 2284 1146 2348 XXII.
1176 2284 1317 2370 dumque

314 2391 446 2472 insuper
474 2410 542 2452 non
571 2394 763 2470 argumento
793 2407 832 2451 ac
861 2385 988 2465 rationi,
1019 2408 1116 2471 quam
1147 2387 1318 2453 dubitandi

314 2492 455 2557 habebat
469 2513 518 2574 ep.
534 2490 608 2554 XV.
624 2489 786 2554 mordicus
805 2488 977 2568 adhaerere,
993 2489 1049 2554 sed
1070 2497 1201 2574 patrum
1219 2493 1317 2556 ecole-

316 2594 433 2677 siaeque
463 2593 599 2658 decretis
628 2593 817 2657 obedienter
846 2593 970 2656 mavult
1004 2593 1215 2677 acquiescere.
1273 2597 1317 2659 Et

314 2705 426 2762 tamen
454 2696 567 2760 eadem
595 2717 663 2759 una
691 2695 773 2759 ratio
802 2701 862 2774 est,
888 2694 930 2760 ob
954 2716 1052 2779 quam
1077 2696 1200 2761 audent
1223 2698 1317 2763 hodie

316 2799 480 2864 liutherus
498 2799 535 2863 in
556 2798 672 2882 Babyl.
686 2805 771 2881 capt.
787 2806 821 2862 et
843 2798 930 2862 Beaa
950 2798 986 2861 in
1007 2797 1092 2863 libro
1113 2799 1155 2863 de
1176 2801 1315 2865 matrim.

316 2903 466 2970 omnibus
481 2903 543 2966 illis
558 2902 710 2967 audacter
730 2923 768 2966 ac
786 2901 923 2986 superbe
943 2901 1108 2986 refragari,
1124 2925 1317 2991 omnemque

316 3007 420 3072 omnis
444 3005 618 3090 spiritualis
641 3003 843 3087 cognationis
866 3004 1071 3070 honestatem
1094 3007 1260 3089 aspernari
1282 3027 1317 3070 ac

315 3132 373 3194 pro
388 3110 490 3174 nihilo
505 3110 631 3174 ducere.
666 3109 809 3172 Tantum
824 3108 945 3172 scilieet
958 3107 1057 3173 homo
1069 3108 1195 3173 homini
1209 3109 1316 3186 distat,

316 3215 460 3279 modesto
493 3233 655 3295 arrogans,
685 3210 842 3277 catholico
876 3211 1055 3276 haereticus.
1116 3211 1201 3277 Vide
1230 3213 1315 3276 'Prid

230 3296 236 3312 ⁹
316 3320 415 3383 (lonc.
432 3339 507 3381 sess.
524 3319 576 3380 24
593 3337 620 3380 c.
636 3318 667 3379 2.
684 3315 836 3378 Bellarm.
852 3315 874 3378 l.
890 3314 931 3379 de
946 3315 1086 3379 matrim.
1102 3336 1129 3379 e.
1145 3318 1200 3380 30.
1215 3317 1316 3382 Zona·

315 3444 384 3484 ram
405 3429 484 3484 tom.
500 3422 532 3483 3.
548 3419 585 3482 in
602 3419 788 3501 Nicephoro
807 3417 926 3482 Phoco.
942 3419 984 3482 V.
1006 3416 1140 3484 Bodam.
1155 3419 1179 3484 l.
1194 3421 1226 3484 4.
1241 3419 1315 3484 hist.

315 3546 342 3589 c.
361 3527 411 3587 13.
427 3521 616 3586 Aimonium
629 3523 652 3585 l.
667 3525 699 3585 4.
714 3541 742 3586 c.
758 3521 834 3587 57?
855 3521 911 3585 W.

358 3627 418 3708 Ep.
433 3628 487 3702 40,
505 3647 537 3707 p.
553 3627 605 3703 90,
626 3626 648 3688 l.
671 3625 713 3688 16
734 3624 1021 3689 similiter-simul
1042 3625 1097 3689 W.
1111 3625 1147 3689 in
1169 3647 1311 3709 marg:

315 3752 345 3812 p.
362 3731 415 3806 91,
430 3728 451 3790 l.
469 3729 490 3790 6
505 3727 777 3811 elogio-eloquio
791 3728 846 3790 W.
861 3727 897 3791 in
911 3749 1053 3810 marg:

361 3831 490 3896 “Circa
523 3852 566 3894 an
600 3831 836 3895 DOOXXXVI
865 3830 1051 3896 Bonifacius
1085 3833 1314 3916 Bagoariorum

314 3942 427 4014 terras,
451 3934 567 4018 quibus
591 3955 649 4017 per
669 3935 757 3998 idem
782 3941 910 4018 tempus
934 3933 1126 4017 Hugbertus
1150 3935 1216 4000 dux
1237 3957 1314 4019 prse-

315 4046 394 4117 erat,
410 4038 499 4116 adiit,
516 4037 817 4122 praedicationisque
837 4037 980 4101 studium
1001 4037 1087 4121 apud
1106 4059 1162 4102 eos
1182 4038 1314 4123 diligen·

315 4142 438 4204 tissime
453 4161 614 4218 exercens,
625 4147 718 4205 tanto
734 4139 851 4203 divinae
866 4139 1080 4205 aemulationis
1090 4141 1160 4205 zelo
1174 4147 1315 4205 amanis

315 4250 374 4322 est,
390 4251 427 4307 ut
450 4242 688 4308 schismaticum
707 4242 879 4326 quemdam
900 4243 1052 4307 haeretica
1072 4243 1231 4327 pravitate
1250 4244 1314 4327 ple-

315 4368 405 4425 num,
421 4347 553 4410 nomine
566 4345 786 4422 Ermwolfum,
798 4344 894 4427 juxta
907 4366 1070 4410 canonum
1084 4345 1214 4411 decreta
1228 4346 1314 4410 dam-

314 4457 423 4513 nasset
438 4457 535 4533 atque
549 4449 589 4514 ab
605 4448 738 4513 ecclesia
751 4447 934 4531 expulisset.
960 4447 1022 4512 His
1036 4448 1175 4532 peractis
1189 4469 1313 4513 rursum

316 4550 355 4614 ad
372 4573 435 4628 eos,
451 4554 505 4634 qui
522 4553 581 4617 sub
597 4575 663 4617 suae
678 4550 919 4635 gubernationis
931 4551 1060 4616 dioecesi
1074 4551 1313 4616 commoraban-
