3259 5467
315 707 384 780 ‘176
684 734 765 778 vira
780 732 975 777 acurracrr

318 874 481 952 condictu,
501 894 683 957 pugnaeque
705 868 855 956 deponite
875 872 1015 938 bellum:
1044 875 1198 958 quoniam
1211 871 1324 959 'Scrip-

320 984 404 1041 turae
432 977 619 1041 testimonio
651 976 807 1040 veraciter
841 976 1015 1055 erudimur,
1044 998 1088 1041 ne
1117 979 1242 1042 malum
1270 1001 1326 1062 pro

319 1081 415 1158 malo,
449 1080 506 1144 sed
549 1079 645 1144 etiam
675 1079 762 1142 bona
791 1100 850 1162 pro
885 1080 978 1142 malis
1008 1080 1193 1145 reddamus.
1251 1083 1324 1145 Jam

314 1184 407 1246 enim
438 1183 494 1246 diu
524 1189 653 1265 optatus
688 1189 737 1246 est
771 1183 859 1246 dies:
897 1189 931 1246 et
964 1190 1180 1266 spontaneum
1210 1187 1324 1248 resolu-

319 1287 413 1348 tionis
442 1292 555 1349 nostra
587 1292 705 1366 tempus
739 1285 898 1349 imminet.
959 1286 1198 1350 Consortamini
1226 1288 1325 1370 igitur

315 1388 355 1451 in
371 1389 522 1466 Domine,
544 1394 577 1451 et
596 1387 814 1471 permissionis
835 1409 901 1452 suae
919 1387 1057 1470 gratiam
1078 1396 1246 1472 gratanter
1261 1390 1324 1452 suf-

320 1491 420 1555 ferte:
459 1496 584 1573 sperate
613 1490 648 1552 in
677 1512 762 1568 eum,
793 1497 827 1554 et
856 1491 1005 1555 liberabit
1041 1491 1165 1555 animas
1194 1500 1323 1556 vestras.

323 1593 389 1657 Sed
415 1600 448 1657 et
473 1593 636 1657 adstantes
661 1599 729 1657 tam
756 1592 974 1676 Presbyteros,
1000 1616 1098 1676 quam
1123 1594 1222 1658 etiam
1248 1595 1324 1658 Dia-

319 1717 425 1774 cones,
447 1696 670 1778 inferiorisque
701 1695 822 1759 ordinis
851 1695 945 1774 viros,
968 1696 1032 1760 Dei
1058 1696 1204 1760 subditos
1230 1696 1323 1760 servi-

317 1799 382 1862 tio:
416 1799 516 1881 patris
536 1798 713 1861 admonens
732 1819 809 1862 voce
831 1799 897 1863 ait:
933 1799 1005 1862 Viri
1026 1799 1153 1877 fratres,
1174 1799 1252 1863 forti
1277 1816 1323 1861 es-

318 1908 387 1964 tote
409 1901 516 1964 animo
539 1908 572 1963 et
592 1922 634 1964 ne
654 1901 840 1964 terreamini
858 1900 898 1964 ab
920 1901 981 1979 his,
1003 1901 1058 1985 qui
1083 1901 1236 1965 occidunt
1257 1924 1324 1966 cor-

318 2026 389 2086 pus,
406 2004 557 2087 quoniam
574 2004 716 2066 animam
731 2010 921 2068 manentem
940 2005 1010 2068 sine
1032 2004 1097 2067 fine
1120 2026 1237 2069 necare
1259 2027 1324 2068 non

317 2113 463 2189 possunt.
503 2106 567 2169 Sed
583 2106 721 2188 gaudete
735 2106 771 2168 in
786 2107 928 2171 Domino
943 2113 976 2171 et
991 2108 1060 2190 spei
1073 2116 1189 2171 vestrae
1205 2107 1322 2172 ancho-

316 2232 387 2277 ram
411 2210 447 2272 in
473 2231 548 2273 eum
574 2209 713 2292 defigite,
738 2210 815 2293 quia
837 2211 997 2294 extemplo
1018 2217 1183 2294 perpetuae
1209 2211 1322 2275 reddet

316 2314 406 2381 vobis
420 2312 689 2376 remunerationis
708 2313 900 2391 mercedem,
916 2319 949 2377 et
964 2313 1101 2378 coelestis
1116 2315 1199 2378 aulae
1215 2314 1322 2377 sedem

317 2436 392 2479 cum
418 2415 564 2498 supernis
586 2416 788 2498 Angelorum
814 2415 937 2480 civibus
959 2416 1166 2480 condonabit.
1213 2416 1322 2480 Nolite

317 2539 372 2582 vos
390 2539 473 2581 vana
490 2516 588 2600 hujus
606 2518 721 2580 mundi
740 2518 947 2583 delectationi
966 2518 1131 2603 subjicere,
1151 2521 1254 2585 nolite
1272 2541 1322 2584 ca-

317 2621 407 2685 ducis
423 2620 592 2703 gentilium
608 2620 847 2685 adulationibus
865 2622 1028 2701 delectari,
1044 2623 1101 2686 sed
1116 2622 1321 2687 subitaneum

315 2724 369 2787 hic
383 2730 569 2787 constanter
580 2723 687 2787 subite
702 2723 814 2787 mortis
830 2723 1020 2788 articulum:
1043 2729 1082 2787 ut
1096 2745 1234 2806 regnare
1248 2745 1321 2789 cum

317 2826 445 2889 Christo
459 2825 587 2908 possitis
601 2826 637 2888 in
653 2847 767 2890 aevum.

359 2929 508 3012 Cumque
522 2929 583 2993 tali
598 2929 753 2993 doetrinae
767 2928 975 2993 hortamento
990 2928 1163 3013 discipulos
1179 2930 1320 2995 ad‘coro·

314 3057 392 3099 nam
411 3035 563 3119 Martyrii
582 3033 754 3098 affabiliter
773 3033 934 3111 incitaret,
957 3034 1125 3097 confestim
1150 3055 1248 3117 super
1269 3055 1320 3098 eos

314 3140 424 3203 furens
454 3139 660 3220 Paganorum
690 3137 862 3213 tumultus,
889 3155 964 3199 cum
994 3135 1110 3218 gladiis
1139 3143 1320 3220 cunctaque

314 3242 439 3305 militiae
458 3247 623 3304 armatura
641 3239 746 3317 irruit,
762 3245 796 3302 et
815 3238 915 3302 fcelici
936 3239 1130 3303 Sanctorum
1150 3239 1242 3303 caede
1254 3259 1320 3304 cor-

315 3367 393 3428 pora
417 3343 614 3408 cruentavit:
649 3342 823 3425 statimque
839 3341 975 3406 'mortali
997 3343 1161 3426 justorum
1184 3343 1322 3407 multata

316 3469 420 3524 earne,
436 3446 617 3530 tripudians
632 3444 803 3527 gentilium
818 3444 916 3509 turba
929 3444 1092 3509 victricem
1106 3465 1174 3508 suae
1189 3445 1320 3509 damna·

315 3549 412 3612 tionis
427 3548 569 3631 praedam
588 3547 732 3630 arripuit,
748 3553 917 3629 castraque
936 3546 1136 3632 depopulans
1145 3546 1319 3614 manubias

314 3644 493 3732 diripiendo
512 3648 696 3732 impertivit.
744 3649 809 3713 Sed
828 3657 862 3713 ct
882 3649 1002 3729 thecas,
1020 3648 1137 3733 quibus
1152 3650 1258 3714 multa
1270 3649 1319 3713 in·

314 3759 407 3815 erant
421 3751 577 3815 librorum
597 3751 760 3814 volumina
774 3757 807 3815 et
822 3750 1030 3835 reliquiarum
1045 3772 1157 3835 capsas
1175 3750 1318 3830 abstulit,

315 3876 435 3938 magna
464 3875 498 3918 se
523 3852 659 3917 ditatam
685 3852 756 3916 auri
781 3854 970 3938 argentique
999 3853 1091 3936 copia
1115 3853 1250 3918 credens
1279 3852 1318 3917 ad

313 3980 410 4023 naves
430 3958 546 4042 quibus
567 3960 778 4043 quotidianus,
793 3961 900 4024 inerat
922 3960 1121 4025 Clericorum
1142 3980 1182 4025 ac
1204 3982 1317 4045 puero·

313 4085 387 4127 rum
409 4064 522 4141 victus,
541 4071 574 4126 et
596 4064 836 4147 aliquantidum
858 4060 964 4128 adhuc
986 4063 1152 4127 residuum
1175 4063 1317 4147 ejusdem

315 4167 466 4248 stipendii
487 4166 608 4245 vinum,
632 4167 797 4245 obseratis,
822 4174 860 4230 ut
884 4176 986 4245 erant,
1008 4167 1212 4231 vasculorum
1234 4168 1317 4232 clau·

315 4270 389 4332 stris
413 4270 595 4351 asportavit,
619 4291 656 4333 ac
680 4277 813 4352 repente
838 4269 979 4334 adamati
1004 4277 1167 4353 comperto
1187 4269 1317 4354 liquoris

314 4372 443 4450 haustu,
459 4373 556 4456 coepit
572 4375 717 4456 gulosam
732 4373 854 4436 ventris
874 4374 991 4437 satiare
1005 4373 1182 4456 ingluviem
1197 4380 1231 4438 et
1244 4373 1317 4438 vino

314 4475 480 4538 madidum
494 4476 653 4540 inebriare
669 4475 889 4554 stomachum,
912 4475 1109 4560 tandemque
1124 4477 1165 4540 de
1179 4475 1316 4559 acceptis

314 4579 429 4659 praedae
451 4578 568 4662 spoliis,
584 4579 665 4642 inito
686 4578 828 4657 consilio,
844 4578 983 4645 mirabili
1004 4579 1235 4661 omnipotentis
1254 4578 1314 4643 Dei
