3259 5467
322 682 388 742 252
578 698 671 739 noun
688 697 728 741 nr
745 693 862 738 vnum
880 695 1075 739 uuerwuns.

314 839 470 920 papanico
477 837 604 918 faciunt
619 836 675 898 snb
687 836 808 898 nomine
823 841 1000 897 sanctorum
1011 840 1189 916 martyrum
1199 836 1249 898 vel
1262 855 1327 898 con-

312 941 470 1023 fessorum
493 942 596 1004 Deum
620 943 652 1003 ct
676 939 808 1002 Sanctae
831 938 876 1000 aol
899 938 1096 1000 iracundiam
1113 944 1327 1019 provocantes.

325 1045 426 1109 Recte
447 1044 547 1126 igitur
572 1044 604 1106 S.
620 1040 826 1125 Augustinus
848 1039 920 1103 libr.
936 1038 1034 1103 VIII.
1052 1041 1092 1104 de
1112 1042 1245 1105 civitate
1260 1041 1328 1104 Dei.

325 1168 351 1210 c.
370 1147 512 1223 XXVII,
526 1175 558 1201 =
570 1146 638 1208 Nec
659 1151 761 1208 tamen
782 1164 838 1206 nos
860 1142 973 1206 endem
995 1145 1189 1225 martyribus
1210 1146 1329 1225 templa,

325 1249 510 1325 sacerdotia,
526 1269 619 1311 sacra
634 1254 664 1310 et
678 1246 835 1328 sacrificia
855 1247 1090 1320 cmntituimus;
1113 1249 1260 1329 quonium
1274 1269 1331 1309 non

325 1354 396 1434 insi,
415 1352 471 1413 secl
488 1352 578 1413 Deus
600 1372 703 1415 eorum
725 1350 813 1413 nobis
834 1355 880 1413 est
899 1350 995 1413 Deus.
1039 1351 1242 1414 Honoramus
1260 1371 1331 1413 sane

326 1457 489 1520 memorias
510 1475 612 1517 eorum
636 1461 782 1536 torinnam
807 1459 983 1517 sanctorum
1008 1454 1163 1516 bominum
1186 1455 1259 1533 Dei,
1281 1454 1331 1536 qui

328 1579 422 1640 usqne
437 1559 481 1620 acl
493 1563 621 1620 mortem
635 1577 760 1621 suorum
771 1577 933 1638 corporum
944 1577 1005 1638 pro
1018 1557 1152 1620 veritate
1162 1562 1331 1633 certarunt,

327 1667 361 1723 ut
376 1664 576 1724 innotesceret
590 1680 663 1722 vera
674 1661 782 1740 relipio
789 1658 888 1740 falsis
897 1659 1095 1741 relipionibus
1103 1658 1253 1741 fictisque
1264 1679 1330 1721 con-

326 1765 427 1826 victis.
484 1764 559 1836 Quis
583 1769 685 1826 antem
708 1764 828 1826 audivit
851 1762 1018 1844 aliquando
1034 1747 1178 1844 ficlelium
1201 1769 1331 1826 stantem

326 1867 515 1929 sacerdotem
530 1866 575 1928 ad
587 1867 697 1943 altare,
714 1869 807 1928 etiam
827 1886 921 1946 snper
934 1872 1075 1929 sanctum
1090 1885 1202 1947 corpus
1217 1871 1331 1946 marty-

327 1971 374 2031 ris
388 1970 432 2031 acl
444 1970 505 2032 Dei
520 1971 664 2031 bonorem
679 1970 852 2051 cultumque
867 1975 1074 2032 constructum
1090 1969 1193 2032 dicem
1208 1969 1243 2031 in
1251 1988 1332 2050 prc-

328 2073 432 2134 cibus:
457 2072 551 2154 offero
564 2073 621 2134 tibi
631 2071 818 2152 sacrificium
830 2073 926 2135 Petro
939 2074 988 2135 vel
996 2073 1096 2136 Paule
1107 2074 1157 2137 vel
1169 2073 1331 2154 Cypriane.

331 2177 407 2238 Cum
421 2176 506 2256 apud
518 2196 622 2238 eorum
636 2177 799 2238 memorias
814 2176 965 2258 offeratur
974 2177 1046 2239 Deo
1060 2179 1114 2261 qui
1127 2196 1179 2240 cos
1193 2182 1225 2240 et
1239 2175 1333 2238 bomi-

329 2298 382 2340 nes
397 2283 426 2340 et
441 2284 595 2358 martyres
602 2278 683 2358 fecit
697 2283 727 2340 et
743 2279 861 2341 carectis
874 2279 940 2340 suis
954 2280 1072 2360 anpelis
1087 2279 1202 2342 calesti
1222 2281 1333 2342 bonore

328 2381 478 2454 sociavit;
501 2387 535 2444 ut
550 2402 586 2443 eo
602 2382 778 2445 celebritate
793 2388 824 2445 et
837 2382 905 2445 Deo
919 2402 991 2445 vero
1006 2383 1044 2445 cle
1058 2383 1182 2446 illmum
1196 2381 1334 2445 victorin

326 2486 451 2565 pratias
466 2505 594 2564 cyamus
614 2490 644 2547 et
664 2505 719 2547 nos
741 2485 786 2547 acl
805 2485 1008 2548 imitationem
1028 2487 1138 2549 talium
1152 2505 1333 2549 coronarum

331 2592 422 2668 atqve
440 2587 628 2667 palmarum,
652 2589 756 2650 eodem
778 2589 918 2652 invocato
940 2590 974 2651 in
996 2589 1148 2652 ancilium
1170 2609 1210 2652 ea
1232 2609 1333 2669 eornm

329 2690 481 2752 vvemoric
495 2691 691 2753 renovatione
706 2692 915 2755 adhortemur.
963 2692 1153 2774 Qsmcunque
1166 2693 1267 2774 ipitur
1281 2691 1332 2754 acl·

330 2794 473 2856 hibentur
494 2793 708 2874 relipiosorum
730 2795 883 2877 obsequia,
898 2796 932 2857 in
953 2801 1127 2876 martyrum
1147 2796 1225 2858 locis
1245 2816 1332 2858 muro-

330 2903 433 2959 menta
447 2903 518 2959 sunt
532 2898 749 2960 memoriarum
769 2919 831 2961 non
851 2918 944 2961 sacra
961 2899 1011 2962 vel
1027 2897 1186 2979 samuflcia
1203 2903 1333 2962 mortuo·

331 3021 400 3063 rum
419 3006 566 3081 tanquam
580 3001 726 3063 Deorum.
775 3001 952 3084 Quicunque
971 3002 1065 3065 etiam
1084 3003 1193 3083 epulas
1209 3022 1285 3065 suas
1302 3021 1334 3064 co

332 3105 484 3187 defernnt,
500 3105 582 3186 qnod
595 3104 716 3185 quidem
732 3124 751 3165 a
772 3104 962 3168 Christianis
975 3105 1150 3168 melioribus
1163 3125 1226 3168 non
1236 3105 1290 3186 fit,
1306 3111 1334 3168 et

331 3208 365 3268 in
384 3208 542 3288 plerisque
565 3213 720 3272 terrarum
751 3207 827 3268 locis
852 3208 939 3269 nulla
962 3207 1036 3270 talis
1059 3212 1105 3270 est
1130 3208 1333 3279 constetnolm

332 3315 434 3372 tomen
448 3311 616 3392 quicunque
636 3310 672 3371 iel
681 3308 819 3389 sonunt,
836 3330 913 3391 quas
933 3330 1001 3373 cum
1022 3311 1231 3392 convenerint,
1247 3315 1335 3373 orant

332 3417 362 3474 et
377 3411 520 3492 auferunt
534 3419 569 3475 ut
583 3417 746 3474 vescantur
758 3413 808 3475 vel
826 3433 865 3474 ea
884 3414 925 3475 iis
944 3413 1038 3476 etiam
1051 3413 1259 3494 inclinantibus
1274 3415 1334 3476 lar-

329 3515 468 3594 piantur.

377 3615 418 3677 X.
442 3618 491 3678 De
505 3617 711 3697 phylacteriis
730 3624 760 3681 et
780 3619 950 3702 lipaturis]
982 3619 1118 3682 Veteres
1140 3617 1336 3704 phylacteria

336 3717 540 3800 appellabant
555 3720 696 3784 amuleta
718 3722 758 3785 ud
778 3722 933 3786 arcendos
947 3722 998 3786 vel
1017 3722 1183 3805 pellendos
1199 3722 1334 3786 morbos.

336 3821 417 3886 Haec
431 3830 469 3884 ut
484 3822 726 3887 adinventiones
747 3824 919 3888 diabolicas
941 3846 1064 3908 semper
1084 3824 1269 3909 proscripsit
1287 3845 1335 3898 ece

335 3925 438 3988 clesia.
485 3924 526 3989 In
541 3926 683 3991 Concilio
699 3927 929 3991 Ratisbouensi
944 3950 997 3991 au.
1015 3931 1096 3993 742:
1119 3930 1259 4010 Populus
1277 3927 1337 3992 Dei

329 4031 487 4110 poponias
501 4050 562 4092 non
568 4030 683 4111 faciat,
694 4031 751 4094 secl
763 4051 866 4094 omnes
879 4032 1046 4113 spurcitias
1056 4033 1247 4113 pentilitatis
1260 4031 1337 4114 omi-

335 4134 399 4195 ciat
413 4154 466 4195 seu
487 4133 643 4215 sacrificia
665 4140 862 4209 mortuorum,
878 4155 932 4198 sen
950 4136 1112 4217 sortilegos
1133 4155 1187 4198 seu
1209 4135 1336 4212 divinos,

334 4255 386 4298 seu
392 4237 591 4317 phylacteria
600 4243 629 4299 et
641 4237 773 4318 aupnria
784 4237 848 4299 sive
859 4239 1099 4301 incantationes:
1117 4244 1149 4300 et
1161 4236 1336 4320 Capitulur.

327 4336 405 4402 libr.
424 4338 484 4400 VI.
502 4360 529 4401 c.
547 4341 609 4416 723
649 4340 691 4402 Ut
714 4359 733 4400 a
756 4340 876 4401 clericis
897 4342 946 4403 vel
967 4341 1057 4403 laicis
1071 4341 1273 4421 phylacteria
1292 4339 1340 4402 vel

325 4438 420 4520 falsu
435 4443 649 4522 inscriptiones
668 4448 723 4504 out
745 4442 887 4523 lipatura
902 4464 968 4524 quo
987 4443 1198 4525 imprudentes
1211 4463 1275 4524 pro
1287 4440 1336 4524 fe·

326 4542 439 4617 ¹bribus
454 4550 483 4606 et
499 4547 571 4606 aliis
578 4547 720 4626 pestibus
734 4545 884 4626 adjuvare
897 4553 1025 4628 putant,
1041 4548 1125 4610 nullo
1142 4547 1232 4609 morlo
1242 4545 1334 4627 flant,
