3259 5467
701 690 739 732 1n
756 691 929 734 concurs.
1257 676 1323 738 263

360 830 486 895 XXIX.
509 831 563 894 De
589 831 699 912 liparis
717 830 851 911 pedibus
874 836 905 894 et
926 831 1069 894 munibus
1081 851 1208 914 popano
1226 833 1317 917 ritu]

317 933 442 1017 Pagani
457 955 531 997 cum
552 933 666 998 morbo
684 933 927 1013 decumberent,
942 941 1018 998 vota
1038 955 1097 1018 pro
1118 935 1221 1000 salute
1239 935 1323 1000 obti-

317 1038 426 1102 nenda
455 1036 612 1102 vovebant
638 1043 671 1102 et
697 1036 828 1100 sanitati
850 1036 995 1120 pristinae
1014 1037 1167 1117 restituti,
1193 1038 1323 1121 signum
1429 1095 1432 1108 .

317 1142 387 1225 ejus
409 1141 555 1217 membri,
581 1140 666 1223 quod
687 1140 773 1203 malo
794 1140 901 1204 fuerat
927 1141 1089 1219 affectum,
1110 1140 1146 1204 in
1168 1147 1323 1207 tesseram

318 1244 524 1327 gratitudinis
544 1243 692 1322 Numini,
710 1242 795 1326 quod
812 1243 1010 1323 invocarunt,
1033 1265 1220 1310 consecrare
1242 1244 1322 1309 sole·

316 1348 407 1411 bant.
438 1347 687 1432 Majoresetiam
701 1346 804 1411 nostri
819 1346 903 1412 hanc
912 1347 1181 1412 consuetudinem
1194 1360 1321 1432 pagano
1379 1407 1389 1417 .

316 1450 383 1513 ritu
400 1451 491 1513 fuere
512 1449 640 1526 imitati,
658 1469 733 1512 cum
751 1448 924 1512 coluissent
944 1448 1100 1528 Numina,
1124 1471 1195 1532 quae
1214 1450 1323 1515 oculos

316 1553 480 1617 habebant
496 1562 529 1617 et
543 1575 611 1616 non
625 1552 788 1629 videbant,
804 1573 898 1615 aures
914 1558 947 1616 et
961 1573 1028 1615 non
1045 1551 1221 1617 audiebant
1237 1561 1311 1623 etc..

360 1658 466 1721 XXX.
488 1659 538 1720 Dc
560 1678 594 1720 eo
614 1656 697 1739 quod
714 1656 854 1734 credunt,
870 1656 944 1737 qaia
956 1655 1094 1736 foema'ace
1116 1656 1220 1720 lunam
1232 1676 1321 1721 vcorre«

316 1762 471 1840 mendant,
502 1761 584 1846 qaod
612 1761 736 1842 possint
772 1760 868 1822 corda
902 1760 1059 1822 domiuum
1091 1760 1197 1823 tollere
1222 1760 1322 1842 jacta

309 1863 477 1946 paquara]
506 1864 600 1927 Falso
620 1862 781 1926 credidere
802 1862 950 1944 majores,
966 1860 1038 1924 dari
1052 1860 1212 1941 foeminas,
1228 1862 1319 1945 queis

315 1968 395 2031 luna
408 1967 444 2030 in
464 1966 625 2049 ohsequiis
644 1973 748 2043 esset3
771 1965 859 2028 lunae
875 1964 1017 2027 influxus
1035 1965 1133 2030 noxia
1153 1966 1270 2048 quaevis
1285 1967 1322 2031 in

316 2071 446 2137 homine
461 2071 595 2154 operari,
610 2070 719 2152 eisque
739 2068 868 2132 morbos
883 2067 978 2132 certis
995 2074 1178 2151 temporum
1194 2069 1319 2135 vicibus

314 2174 488 2238 redeuntes
509 2175 723 2256 imputarunt.
770 2171 868 2236 Unde
891 2177 923 2236 et
952 2171 1074 2236 caduca
1098 2171 1246 2255 passione
1269 2174 1320 2239 vel

315 2278 468 2360 epilepsia
500 2276 702 2342 laborantem
737 2276 906 2338 lunaticum
939 2295 1100 2339 vocavere.
1165 2273 1319 2340 Meminit
1377 2316 1380 2321 ·

314 2384 411 2468 hujus
432 2383 667 2467 superstitionis
683 2382 854 2445 Audoenns
867 2381 904 2444 in
921 2380 987 2444 vita
1002 2381 1035 2444 S.
1052 2379 1152 2464 Eligii
1169 2380 1225 2446 lib.
1242 2384 1273 2447 2'.
1290 2403 1317 2447 c.

317 2490 377 2551 15:
401 2487 459 2550 ubi
479 2487 616 2569 legitur:
638 2487 729 2550 Deus
751 2486 796 2548 ud
815 2486 873 2549 hoc
891 2485 994 2551 lanum
1008 2485 1099 2566 fecit,
1120 2491 1156 2548 at
1182 2491 1320 2568 tempora

314 2592 451 2672 desiperet
480 2596 510 2653 ct
538 2591 672 2653 noctium
703 2589 845 2653 tenebras
868 2594 1024 2670 temperet,
1047 2609 1110 2652 aaa
1131 2595 1167 2652 at
1189 2590 1321 2671 allata

314 2716 389 2776 opus
408 2695 556 2776 impediat
571 2699 627 2756 cut
646 2694 813 2756 dementem
822 2692 929 2775 sudat
948 2693 1109 2771 homiaem,
1124 2693 1205 2756 aaut
1229 2693 1320 2756 stulti

307 2804 433 2879 putant,
450 2799 523 2879 qaia
541 2797 725 2860 damonibus
742 2798 866 2859 invasos
883 2816 904 2859 a
926 2796 1000 2859 laun
1014 2796 1089 2877 pati
1109 2795 1315 2883 arbitrantur,

313 2901 345 2964 A
364 2901 444 2965 luna
461 2901 559 2965 etiam
581 2899 713 2982 magicis
733 2896 1009 2962 incantationibus
1032 2898 1207 2963 constricta
1225 2921 1317 2982 sagas
1390 2955 1392 2958 ,

313 3003 642 3088 potentiamrecipere
656 3003 724 3071 solo
738 3002 809 3067 visu
823 3000 874 3065 vel
890 3007 1022 3084 aspectu
1037 3000 1135 3065 corda
1147 3001 1318 3067 hominurn

314 3107 503 3171 comedendi
520 3112 617 3190 atque
636 3106 684 3169 ita
699 3106 785 3188 ipsos
805 3102 962 3169 enecandi
981 3103 1058 3167 olim
1081 3109 1235 3186 putatum
1258 3109 1317 3169 esc

314 3212 364 3274 De
379 3209 588 3274 fascinatione
603 3209 648 3273 sic
663 3202 828 3272 Tibullus:

399 3421 495 3484 Hauc
509 3441 564 3502 epo
579 3421 617 3484 de
632 3421 705 3487 coelo
720 3420 879 3483 dueentem
893 3418 998 3481 sidau
1011 3417 1086 3496 vidi,

441 3525 592 3587 Flaminia
606 3544 645 3588 ac
657 3523 764 3604 rapidi
778 3522 913 3585 carmine
926 3521 1021 3584 omit
1033 3522 1104 3585 iter.

398 3628 476 3694 Hoec
490 3633 582 3691 cautu
590 3626 744 3709 finditque
757 3626 866 3703 solum,
881 3644 1044 3708 monesque
1058 3625 1208 3707 sepulcris

442 3731 542 3793 Elicit
556 3736 587 3793 et
601 3730 705 3810 tepido
720 3729 848 3792 deuoret
863 3746 933 3791 oasa
947 3748 1032 3811 rope.

367 3899 373 3908 ,
403 3834 477 3896 Cum
493 3833 584 3912 ludet,
600 3835 665 3896 leaec
679 3832 764 3896 tristi
779 3830 911 3912 depellit
919 3831 1026 3894 nubila
1040 3832 1127 3909 coelo,

446 3938 521 4000 Oum
536 3937 618 4000 labet
633 3938 737 4000 aeativo
752 3941 898 4001 coravocat
912 3935 984 3999 orbe
995 3935 1092 4012 'alcea
1109 3939 1160 4018 ⁸5⁶·

356 4138 479 4203 Omnes
505 4139 556 4203 hae
581 4138 823 4224 superstitiones
845 4145 879 4202 et
900 4136 1056 4222 paganias,
1082 4156 1154 4220 quae
1172 4141 1318 4220 tempore

314 4242 347 4306 S.
372 4242 531 4306 Bonifacii
554 4244 589 4306 in
612 4265 675 4307 usu
699 4250 802 4321 erant,
828 4241 868 4306 ab
894 4241 1008 4306 eodem
1029 4238 1066 4305 in
1087 4239 1209 4324 synodo
1231 4261 1318 4327 anno

313 4346 511 4410 DCCXLII.
528 4346 648 4426 habita,
665 4354 742 4411 sunt
757 4346 990 4412 condemnatae.
1028 4345 1073 4409 lat
1088 4343 1164 4408 licet
1178 4343 1318 4408 ecclesiae

311 4450 474 4514 antistites
495 4450 531 4512 in
546 4450 747 4515 eradicandis
766 4448 924 4535 ejusmodi
945 4447 1099 4513 abusibus
1120 4446 1231 4530 vigiles
1252 4447 1318 4512 sint

312 4560 344 4616 et
360 4553 498 4617 manime
518 4554 655 4633 solliciti,
673 4559 845 4620 remanent
862 4560 973 4618 tamen
991 4551 1026 4615 in
1049 4549 1197 4616 cordibus
1219 4549 1318 4614 male-
