3259 5467
320 657 383 720 126
476 670 642 732 nonnacn
658 669 904 734 lacurnrmcon
918 669 961 713 nr
976 669 1151 715 unanima

318 815 431 899 pomis,
447 832 665 897 aquarumque
679 811 882 890 turbidarum
904 812 1182 895 parcalibatione,
1197 821 1237 879 ut
1251 836 1316 881 mos

319 919 376 997 illi,
394 925 473 996 erat,
498 922 679 981 contentus.
740 914 860 978 Omnia
888 935 1088 999 quaecunque
1117 915 1234 983 habuit
1263 925 1316 980 ant

306 1021 436 1094 ,habere
450 1020 566 1104 potuit,
583 1020 673 1101 larga
687 1039 788 1090 manu
802 1017 1023 1101 indigentibus
1038 1019 1151 1083 hilaris
1167 1019 1316 1084 distribu-

309 1124 404 1200 ebat.
448 1125 536 1188 Nam
555 1122 690 1205 scriptor
709 1127 778 1186 erat
799 1121 931 1205 peritus,
946 1127 980 1186 ot
1001 1121 1077 1187 huic
1097 1123 1187 1207 operi
1207 1123 1316 1189 sedulo

309 1225 516 1310 invigilabat,
547 1225 711 1302 sollicitus,
741 1224 910 1309 praecipue,
936 1232 975 1288 ut
1011 1225 1202 1308 acquireret,
1233 1225 1317 1291 unde

319 1336 450 1413 egentes
465 1336 496 1393 et
510 1348 665 1413 pauperes
680 1333 849 1391 recrearet.
893 1328 938 1392 Et
958 1335 997 1393 ut
1017 1328 1079 1393 sibi
1097 1329 1270 1408 mundum,
1285 1336 1316 1393 et

308 1433 428 1511 ,omnia
450 1453 521 1516 quae
542 1432 579 1506 in
600 1453 638 1495 eo
662 1438 739 1499 sunt
764 1431 953 1495 crucifixum
975 1431 1088 1497 haberi
1112 1454 1173 1497 sua
1189 1432 1317 1501 ,sincera

308 1535 531 1619 simplicitate·
547 1541 737 1618 patesceret,
760 1556 919 1598 manuum
948 1556 1079 1608 suarum
1108 1535 1315 1617 collaborans,

310 1661 452 1726 ⁸summae
467 1637 696 1716 aestimationis,
712 1659 752 1701 ex
765 1637 874 1721 precio
893 1638 1031 1722 cujusvis
1050 1639 1190 1718 emeriti,
1204 1639 1316 1722 saepius

312 1743 460 1826 ¹‚aliquam
481 1750 607 1825 partem
630 1741 775 1819 indulsit,
792 1762 1002 1824 expavescens
1018 1763 1062 1806 ne
1082 1743 1178 1826 culpa
1197 1743 1315 1808 tenaci·

311 1846 395 1916 „tatis
409 1846 641 1929 implicaretur..
682 1845 784 1928 Cujus
805 1844 963 1909 virtutum
984 1845 1073 1909 favor
1085 1847 1176 1911 velut
1195 1867 1318 1911 aroma·

318 1959 390 2015 tum
412 1945 617 2015 suavissimus
639 1948 719 2013 odor
741 1947 997 2012 immarcescibili
1022 1948 1185 2014 mellifluae
1211 1949 1315 2013 dulce-

312 2053 402 2124 dinis
427 2052 604 2136 fragrantia
627 2052 754 2135 perfuse
779 2051 942 2134 fumigans
965 2051 1092 2135 praefati
1117 2053 1202 2136 Regi
1225 2054 1315 2122 Calo.-

313 2157 429 2246 ¹magni
444 2155 560 2240 gaudio
574 2155 750 2219 inedicibili
764 2155 969 2239 perlustravit
983 2155 1151 2239 palatium,
1163 2163 1198 2221 et
1215 2158 1314 2223 Scoti-

312 2282 427 2328 carum
445 2259 623 2343 patriarum
647 2257 764 2322 celebri
784 2279 913 2323 rumore
935 2258 1119 2329 clarificavit
1139 2260 1314 2345 regionem,

316 2371 351 2427 et
367 2369 532 2446 gratanter
545 2361 729 2446 perfuderat
743 2369 874 2445 pectora
888 2362 1043 2426 omnium.

318 2537 321 2543 Δ
363 2467 471 2550 Digna
485 2487 559 2533 vero
569 2465 654 2529 tanti
668 2465 728 2529 viri
742 2465 903 2549 praeconia
916 2466 988 2548 pius
1005 2467 1074 2531 Rex
1085 2465 1314 2546 admirabatur,

314 2578 415 2654 ,atque
436 2569 475 2632 iis
496 2591 567 2652 quae
588 2591 648 2653 per
670 2591 745 2632 eum
765 2569 900 2652 gloriose
925 2569 1049 2635 fiebant
1073 2569 1189 2635 devoto
1212 2571 1315 2639 favore

318 2672 610 2756 congratulabatur.
654 2673 699 2736 Et
724 2673 847 2736 factum
870 2680 929 2752 est,
951 2680 989 2737 ut
1013 2694 1088 2737 cum
1110 2673 1234 2739 honore
1256 2674 1314 2743 sibi

316 2800 394 2849 eum
411 2777 596 2860 praesentari
611 2776 749 2861 juberet,
766 2783 798 2841 et
817 2777 847 2840 ei
865 2776 981 2840 humili
1000 2777 1232 2860 supplicatione
1245 2799 1314 2861 per.-

317 2881 466 2957 suaderet
481 2881 608 2957 dicens:
631 2881 661 2943 Ο
675 2880 860 2944 beatissime
875 2880 982 2958 Pater,
993 2880 1140 2945 novimus
1155 2889 1189 2946 te
1203 2903 1315 2947 nonna

312 2986 462 3061 ,omnium
476 2985 633 3048 virtutum
651 2984 774 3071 florere,
791 2984 874 3048 siout
897 2983 1054 3053 bonorum
1077 2985 1224 3068 exempla
1243 2992 1313 3051 tuo.-

317 3111 390 3152 rum
415 3087 584 3172 perhibent
608 3095 782 3170 gestorum,
807 3087 928 3151 idcirco
950 3094 1021 3152 toto
1048 3089 1169 3153 mentis
1198 3089 1313 3153 affectu

316 3215 468 3275 rogamus
488 3199 531 3270 te,
555 3199 591 3255 ut
611 3191 782 3257 nobiscum
805 3212 937 3255 manere
959 3191 1111 3274 digneris,
1133 3193 1313 3276 nostrisque

312 3296 477 3378 ¹regalibus
499 3295 613 3379 opibus
636 3294 694 3373 uti,
711 3303 744 3359 et
765 3316 824 3373 nos
847 3295 1063 3361 saluberrimis
1085 3295 1151 3359 tuis
1172 3295 1313 3373 monitis,

317 3399 579 3480 Evangelicisque
595 3420 614 3461 a
627 3405 661 3462 te
673 3398 827 3461 doctrinis
838 3419 1020 3461 mereamur
1029 3398 1160 3482 perfrui.
1192 3397 1313 3483 Hujus-

313 3501 405 3568 rnodi
426 3522 550 3583 quoque
570 3500 822 3583 flagitationibus
844 3501 931 3564 idem
946 3501 1101 3584 gloriosus
1116 3503 1188 3567 Rex
1202 3511 1235 3567 et
1250 3503 1313 3585 Op·

318 3607 447 3667 timates
457 3603 568 3687 ipsius,
577 3612 609 3666 et
620 3605 681 3687 ipsi
692 3604 790 3668 etiam
806 3606 916 3670 cuncti
928 3605 1083 3669 subaulici
1091 3605 1314 3688 inquietabant

317 3728 375 3789 per
398 3706 464 3769 dies
489 3706 630 3789 singulos
659 3708 798 3773 amicum
825 3709 897 3773 Dei.
942 3709 1003 3772 Vir
1032 3730 1159 3792 quoque
1181 3709 1313 3781 Domini

314 3809 451 3877 Divinus
466 3832 485 3873 a
499 3810 620 3889 coelesti
635 3811 779 3874 animum
800 3832 867 3877 uon
887 3812 1010 3875 reflexit
1028 3811 1157 3889 foedere,
1173 3811 1231 3876 sed
1244 3813 1314 3895 plus

317 3914 463 3997 cogitans
483 3935 554 3997 quae
572 3922 647 3980 sunt
667 3915 740 3993 Dei,
756 3936 853 3997 quam
869 3937 940 3998 quae
957 3922 1035 3979 sunt
1054 3914 1179 3993 mundi,
1195 3915 1313 3981 veritus

317 4019 344 4082 si
378 4040 489 4081 eorum
525 4018 683 4084 voluntati
719 4019 934 4097 satisfecisset,
962 4018 1063 4083 animi
1099 4018 1168 4102 ejus
1205 4025 1314 4083 saneta

315 4121 454 4187 intentio
470 4122 578 4204 quavis
600 4123 764 4187 occasione
786 4123 920 4204 maligni
942 4121 1139 4203 insidiatoris
1160 4121 1313 4187 titillante

314 4232 421 4309 posset
436 4225 670 4302 commaculari,
687 4246 815 4308 suaeque
831 4225 1012 4291 sobrietatis
1027 4230 1116 4289 statu
1131 4224 1237 4308 dejici.

315 4402 321 4420 -.
359 4326 421 4390 His
444 4327 712 4391 sollicitudinibus
736 4349 821 4410 aegre
844 4328 1014 4393 fluctuanti
1039 4327 1143 4392 astitit
1167 4327 1312 4411 Angelus

314 4431 456 4508 Domini,
472 4430 565 4514 eique
579 4432 690 4496 intulit
709 4433 778 4496 haec
796 4433 893 4497 verba
914 4433 1137 4511 consolatoria,
1151 4432 1313 4516 appellans

314 4557 388 4601 eum
403 4535 530 4616 proprio
545 4534 675 4612 nomine
690 4543 723 4600 et
739 4536 865 4601 dicens:
882 4538 951 4611 Ave
965 4537 1066 4600 frater
1077 4535 1203 4616 Livine,
1216 4556 1259 4601 ne
1273 4532 1314 4606 sis
