3259 5467
318 659 381 721 160
677 672 757 716 vma
775 672 954 716 nourrscu

316 837 430 881 sermo.
457 831 459 834 ’
478 813 541 878 Sed
551 811 626 897 quia
641 811 752 875 messis
767 811 897 895 quidem
911 811 1025 889 multa,
1036 811 1199 896 operarios
1212 819 1312 876 autem

315 940 431 1004 paucos
446 917 550 981 inesse
568 914 729 994 cernebat,
748 915 886 979 Sanctus
905 914 959 978 hic
974 913 1037 979 Dei
1050 914 1193 979 famulus
1208 937 1313 998 coope-

315 1029 404 1086 rator
425 1022 529 1084 factus
552 1019 650 1083 etiam
672 1026 720 1082 est
743 1039 799 1101 per
823 1025 889 1082 tres
910 1018 1070 1082 instanter
1092 1040 1196 1083 annos
1215 1019 1313 1082 Willi-

315 1124 425 1189 brordi
446 1121 702 1205 Archiepiscopi:
729 1121 933 1205 multumque
953 1121 989 1185 in
1011 1120 1142 1185 Christo
1171 1121 1314 1185 laborans

315 1250 383 1291 non
404 1248 538 1311 parvum
563 1225 705 1289 Domino
730 1226 885 1308 populum
909 1224 1080 1289 destructis
1110 1224 1315 1289 delubrorum

316 1330 408 1409 fanis,
424 1337 457 1393 et
480 1328 634 1393 extructis
651 1327 867 1391 Ecclesiarum
885 1328 1031 1392 oratoriis
1050 1327 1186 1412 praefato
1207 1327 1314 1392 Ponti-

316 1434 375 1497 fice
389 1433 580 1516 opitulante,
597 1430 773 1514 acquisivit.

359 1536 443 1600 Cum
462 1557 537 1599 vero
556 1556 701 1597 summus
723 1533 777 1597 hic
800 1534 959 1598 senuisset
980 1533 1141 1614 Pontifex,
1159 1542 1193 1599 et
1215 1534 1315 1599 aetatis

315 1639 461 1723 plurimis
481 1644 667 1721 gravaretur
686 1638 798 1701 annis:
838 1637 979 1702 decrevit
1002 1637 1101 1702 etiam
1122 1645 1315 1721 suggerente

315 1741 543 1826 discipulorum
572 1749 668 1819 coetu,
694 1749 732 1804 ut
763 1740 914 1805 solatium
938 1740 1024 1804 tanti
1052 1739 1228 1804 ministerii
1253 1762 1315 1804 suae

315 1846 484 1929 decrepitae
499 1844 658 1909 senectuti
675 1844 866 1928 provideret,
883 1851 916 1909 et
930 1843 1059 1908 fidelem
1075 1843 1115 1908 de
1129 1865 1229 1927 parva
1243 1865 1314 1907 con-

315 1949 500 2032 gregatione
522 1949 626 2011 virum
648 1947 791 2030 eligeret,
810 1947 866 2030 qui
889 1954 982 2011 tanto
1004 1968 1139 2030 praeesse
1161 1947 1314 2030 potuisset

313 2054 441 2136 populo.
478 2052 663 2134 Accitoque
684 2050 746 2114 hoc
768 2051 900 2130 famulo,
925 2051 1058 2115 salutari
1079 2072 1155 2114 eum
1179 2051 1313 2115 instruc·

313 2156 402 2220 tione
418 2155 595 2233 admonuit,
610 2163 648 2218 ut
663 2153 859 2237 Episcopalis
874 2154 1038 2237 regiminis
1054 2154 1230 2238 susciperet
1246 2176 1313 2237 gra·

314 2260 410 2323 dnm:
437 2268 480 2338 et,
501 2260 541 2322 ad
566 2258 746 2341 regendum
768 2258 830 2321 Dei
853 2258 1016 2341 populum,
1037 2256 1099 2321 sibi
1121 2257 1312 2322 subveniret.

314 2363 380 2429 Qui
394 2365 492 2427 etiam
514 2362 679 2426 humiliter
700 2369 834 2444 repente
855 2383 1019 2445 respuens,
1035 2361 1169 2426 minime
1192 2382 1227 2427 se
1247 2361 1312 2444 dig·

312 2489 394 2529 num
409 2487 477 2530 esse
491 2466 702 2548 Episcopatus
723 2465 826 2549 gradu
845 2465 1014 2544 referebat,
1029 2472 1062 2529 et
1076 2487 1119 2529 ne
1134 2464 1196 2529 sibi
1215 2473 1313 2530 tantae

313 2569 479 2652 dignitatis
500 2569 675 2652 fastigium,
694 2569 917 2633 adolescentiae
939 2559 1044 2633 adhuc
1065 2568 1101 2632 in
1123 2569 1219 2633 annis
1240 2591 1312 2633 oon-

313 2673 426 2736 stituto
441 2673 630 2758 imponeret,
647 2673 836 2756 deprecatus
853 2680 921 2736 est:
945 2680 978 2736 et
991 2672 1143 2756 quoniam
1158 2673 1313 2756 quinqua·

314 2775 428 2858 gesimi
443 2775 529 2854 anni,
547 2776 642 2859 juxta
662 2776 824 2840 canonicae
845 2775 1049 2840 rectitudinis
1067 2796 1227 2855 normam,
1242 2797 1313 2840 nec·

314 2879 392 2942 dum
414 2879 507 2962 plene
529 2879 686 2961 reciperet
709 2886 848 2958 aetatem,
867 2885 1004 2943 testatus
1025 2885 1091 2943 est:
1114 2886 1153 2943 ut
1173 2879 1262 2944 omni
1281 2900 1313 2942 se

313 2983 442 3066 penitus
469 2983 682 3047 excusationis
708 2983 979 3067 tergiversatione,
1007 2982 1047 3046 ab
1072 2982 1171 3067 hujus
1197 2983 1312 3068 gradus

314 3082 503 3147 celsitudine
533 3082 717 3146 declinaret.
778 3082 956 3146 Praedictus
984 3081 1095 3165 itaque
1117 3089 1187 3146 tam
1213 3082 1313 3146 sancti

313 3186 465 3270 praeconii
491 3185 651 3263 Pontifex,
674 3185 807 3268 placidis
830 3185 923 3247 illum
945 3184 1048 3249 verbis
1071 3185 1260 3268 increpavit,
1281 3191 1313 3249 et

315 3289 463 3372 diligenti
478 3310 552 3352 eum
564 3310 642 3352 cura
657 3288 697 3351 ad
712 3287 809 3372 hujus
823 3288 977 3371 propositi
988 3288 1124 3371 gradum
1138 3288 1311 3372 instigavit,

313 3393 485 3475 populique
512 3390 649 3474 subjecti
674 3391 847 3454 maximam
873 3412 1066 3475 magnopere
1090 3398 1312 3475 paupertatem

313 3494 516 3578 praedicebat.
563 3494 626 3556 Sed
639 3515 713 3557 cum
728 3514 833 3576 neque
849 3494 893 3557 sic
908 3501 1072 3578 correptus
1084 3494 1126 3558 ad
1141 3495 1311 3580 suscipien-

315 3597 393 3660 dum
413 3595 509 3680 hujus
525 3595 721 3660 celsitudinis
737 3597 873 3679 gradum
891 3597 1096 3676 consentiret,
1108 3597 1242 3682 jamque
1258 3619 1312 3682 per

315 3701 428 3782 longas
451 3699 658 3763 tricationum
685 3722 789 3763 moras
815 3699 988 3783 spiritualis
1013 3699 1099 3764 iuter
1124 3722 1179 3766 eos
1205 3707 1312 3766 exorta

316 3803 498 3867 contentio:
537 3810 570 3866 et
596 3825 737 3867 consona
761 3804 904 3888 pulchrae
929 3804 1130 3869 discretionis
1155 3805 1242 3870 facta
1264 3812 1311 3869 est

315 3906 479 3970 dissensio.
526 3906 590 3970 Hic
606 3929 679 3971 vero
694 3908 808 3990 grandi
823 3915 1003 3991 praeventus
1020 3907 1216 3988 humilitate,
1230 3908 1312 3973 tanti

315 4012 451 4096 gradum
470 4010 664 4074 contradixit
682 4010 832 4075 honoris:
862 4011 916 4075 ille
936 4019 1046 4076 autem
1063 4011 1201 4096 piissimi
1220 4033 1310 4097 appe·

315 4116 379 4180 titu
393 4113 475 4178 lucri
489 4113 642 4192 irretitus,
655 4115 791 4177 salutem
804 4114 986 4198 concupivit
1001 4115 1192 4181 animarum.
1217 4119 1311 4184 Cum·

314 4241 377 4304 que
407 4219 452 4282 sic
478 4217 601 4280 diversa
626 4218 694 4300 jam
718 4217 1023 4282 sermocinationum
1052 4219 1150 4285 verba
1178 4220 1311 4286 invicem

313 4322 540 4408 protulissent:
565 4321 703 4382 Sanctus
721 4319 772 4384 hic
787 4320 851 4383 Dei
870 4342 988 4400 servus,
1003 4323 1142 4387 velutin
1157 4325 1313 4409 spirituali

314 4426 453 4510 quodam
468 4425 571 4487 stadio
591 4423 723 4506 positus,
738 4423 862 4506 placide
881 4446 1009 4507 prorsus
1029 4429 1245 4494 excusationis
1261 4452 1312 4494 ex·

315 4552 407 4594 erens
427 4549 606 4592 sermonem
628 4527 691 4591 ait:
719 4528 779 4590 “O
800 4549 933 4592 summae
954 4530 1133 4595 sanctitatis
1153 4532 1311 4613 Pontifex,
