3259 5467
317 686 382 748 240
571 700 663 746 sors
679 700 720 744 sr
736 700 852 745 vium
868 700 1059 746 nncrrovss.

316 841 510 908 Moerckens
539 839 574 903 in
600 845 720 904 conatu
748 838 942 923 Chronolog.
971 839 1112 924 archiep.
1141 839 1318 924 'Colon.·p.

314 944 392 1009 433’
420 943 551 1027 W=.p.
577 945 652 1018 209,
675 941 698 1006 l.
728 944 749 1006 5
774 962 843 1007 non
866 942 1043 1026 consentit]
1078 941 1321 1026 “Hildegarius

314 1049 417 1113 fretus
438 1045 640 1130 possessione
652 1044 787 1128 antiqua
807 1065 842 1109 se
856 1045 1006 1129 opposuit
1025 1045 1059 1110 S.
1074 1044 1246 1112 Bonifacio
1255 1072 1266 1126 ς
1288 1052 1320 1110 et

314 1171 426 1235 reapse
446 1148 659 1233 lhajeotensis
681 1148 814 1214 ecclesia
835 1149 981 1232 subjecta
997 1150 1118 1215 mansit
1135 1151 1319 1235 metropoli·

314 1263 393 1319 tanc
407 1251 592 1317 Coloniensi
605 1272 708 1336 usque
722 1252 764 1318 ad
778 1273 831 1317 an.
844 1252 1066 1317 MDXLIX.”
1081 1253 1127 1317 W
1138 1269 1167 1298 ·-·

316 1417 319 1428 ,
358 1356 482 1438 Epeo,
498 1359 519 1390 “
528 1354 713 1419 Praemissus
724 1353 833 1438 Pipini
841 1353 941 1439 Regis
956 1355 1082 1421 literas
1097 1376 1137 1420 ex
1151 1355 1320 1440 autografo

314 1457 458 1523 Archivii
474 1456 644 1522 Fuldensis
659 1456 760 1522 edidit
776 1457 983 1523 Schannatus
1002 1458 1058 1523 aeri
1072 1457 1193 1524 incisas
1207 1457 1319 1542 utique

315 1559 461 1644 pluribus
491 1558 682 1625 lectionibus
710 1558 911 1625 variantibus
942 1560 1094 1627 notabilis
1121 1560 1159 1625 in
1188 1560 1318 1626 Vindio.

315 1663 445 1729 Archiv.
460 1662 554 1727 Iluld.
569 1685 601 1746 p.
617 1664 660 1727 42
675 1660 754 1726 Tab.
770 1662 838 1727 III.
883 1661 970 1728 Vide
988 1662 1087 1728 etiam
1108 1662 1149 1728 de
1163 1663 1318 1728 Nummis

316 1765 521 1830 Hersfelden.
544 1764 724 1848 Schlsegelii
739 1764 793 1828 vr.
809 1786 843 1848 p.
858 1765 935 1831 573³
980 1763 1062 1832 Haec
1078 1770 1157 1831 sunt
1176 1765 1212 1831 in
1233 1787 1317 1830 mar-

315 1871 391 1954 gine
405 1869 476 1933 cod.
492 1868 593 1932 Paris.
607 1867 778 1932 recentiori
793 1888 895 1932 manu
908 1874 1075 1934 annotata

359 1977 380 2008 “
391 1971 556 2037 hubertus
567 1969 702 2034 Miraeus
713 1969 906 2035 cathedralis
920 1970 1062 2037 ecclcsiae
1072 1970 1318 2056 Antverpiensis

314 2075 456 2138 decanus
474 2075 510 2137 in
531 2073 681 2157 operibus
704 2072 920 2157 diplomaticis
941 2080 975 2139 et
996 2073 1167 2154 historicis,
1186 2080 1268 2139 tom.
1288 2074 1316 2138 Ι.

313 2178 368 2241 fol.
391 2180 469 2241 494.
488 2177 587 2241 refert
612 2176 764 2260 diploma,
789 2198 854 2260 quc
877 2176 1013 2261 Pipinus
1034 2179 1236 2243 Francorum
1261 2197 1318 2240 rex

314 2280 453 2344 ecclesiae
478 2279 654 2344 cathedrali
680 2279 715 2343 S.
736 2279 876 2344 Martini
896 2279 1128 2364 Ultrajectensi
1147 2301 1169 2345 a
1190 2279 1317 2364 Pipino‚

314 2383 429 2447 Carolo
444 2383 596 2446 Martello
616 2389 649 2446 et
669 2381 907 2447 Carolomanno
926 2382 1046 2447 donata
1060 2404 1112 2447 an.
1129 2381 1315 2447 DGOLIII.

314 2487 482 2549 confirmat
503 2491 635 2568 petente
658 2485 691 2550 S.
707 2483 875 2550 Bonifacic
901 2485 1136 2570 archiepiscopo
1155 2485 1316 2570 Ultrajec-

313 2589 399 2652 tensi
413 2595 447 2652 et
461 2587 666 2669 Mogontino.
711 2585 823 2673 Hujus
839 2595 948 2653 autem
967 2589 1088 2653 tenoris
1108 2594 1158 2653 cst
1170 2615 1218 2654 τι
1229 2587 1316 2672 Pipi-

313 2713 376 2754 nus
391 2691 462 2754 Rex
476 2691 673 2753 blancorum
688 2689 737 2754 vir
755 2690 891 2756 illuster.
937 2691 974 2755 Si
986 2690 1199 2776 petitionibus
1213 2712 1315 2757 sacer·

314 2793 428 2856 dotum
456 2791 492 2856 iu
521 2791 671 2856 omnibus
700 2814 769 2856 non
798 2813 968 2876 negamus,
991 2792 1171 2858 Dominum
1199 2792 1316 2859 exinde

312 2893 540 2970 retributorem
564 2892 684 2959 habere
708 2894 910 2961 confidimus.
954 2894 1098 2981 Ideoque
1125 2894 1316 2962 venerabilis

312 2997 361 3061 vir
386 2997 571 3062 Bonifacius
598 2996 854 3080 archiepiscopus
879 2997 974 3063 nobis
1003 2997 1146 3083 expetiit,
1171 3004 1211 3063 ut
1239 3019 1316 3063 con·

313 3100 528 3165 firmationem
547 3099 587 3163 de
607 3099 703 3163 rebus
727 3099 869 3165 ecclesiae
885 3121 953 3165 suae
968 3101 1002 3165 S.
1017 3100 1164 3179 Martini,
1181 3122 1254 3185 quse
1268 3107 1316 3165 est

313 3209 476 3267 exstructa
498 3202 534 3264 in
555 3201 634 3279 vico,
658 3200 712 3284 qui
736 3201 855 3265 dicitur
876 3203 1034 3288 lhsjecto,
1055 3222 1153 3287 super
1180 3202 1316 3267 fluvium

314 3305 431 3383 Rheni,
444 3326 491 3382 ea,
507 3325 579 3388 quae
593 3303 729 3385 Pipinus
744 3304 876 3369 donavit
892 3305 925 3370 S.
935 3303 1091 3384 Maltino,
1106 3326 1166 3370 seu
1181 3304 1317 3369 Carolus

313 3408 364 3471 vel
385 3406 649 3485 Carolomannus,
671 3426 827 3470 renovare
848 3407 1012 3472 vellemus.
1056 3407 1201 3492 Ideoque
1222 3406 1314 3492 quid·

314 3509 391 3592 quid
415 3509 551 3591 Pipinus
573 3530 631 3572 rex
650 3509 851 3574 Francorum
872 3509 914 3574 ed
934 3531 1043 3576 casam
1063 3509 1127 3576 Dei
1148 3511 1316 3590 concessit,

313 3611 364 3675 vel
379 3610 420 3673 ad
433 3611 526 3673 illum
541 3610 778 3695 episcopatum:
800 3618 840 3676 nt
856 3633 986 3677 omnem
996 3612 1155 3678 decimam
1171 3612 1212 3677 de
1221 3613 1316 3677 terris

315 3735 371 3777 seu
395 3713 436 3775 de
459 3713 627 3796 mancipiis
652 3720 709 3778 aut
734 3715 775 3778 de
799 3715 936 3780 teloneis
958 3716 1010 3781 vel
1032 3715 1073 3781 de
1095 3715 1235 3800 negotiis
1261 3722 1317 3780 aut

314 3816 529 3899 undecunque
549 3838 569 3880 a
589 3815 735 3900 partibus
753 3818 823 3882 fisci
844 3839 958 3884 census
976 3826 1119 3903 spectare
1136 3819 1316 3897 videbatur,

314 3920 397 3984 sicut
413 3919 561 4000 diximus,
577 3941 707 3983 omnem
722 3920 881 3985 decimam
895 3927 1022 4006 partem
1036 3921 1078 3986 ad
1091 3922 1195 4006 ipsam
1209 3943 1316 3987 casam

314 4025 377 4089 Dei
399 4025 433 4087 S.
454 4022 601 4101 Martini,
615 4021 652 4086 in
674 4045 737 4107 qua
756 4024 799 4088 D.
820 4024 1023 4089 Bonifacium
1043 4024 1317 4110 archiepiscopum

315 4127 482 4194 custodem
513 4147 650 4210 praeesse
682 4126 898 4191 concessimus
929 4134 964 4192 et
993 4128 1244 4194 confirmamus:
1281 4129 1318 4195 in

314 4228 528 4295 luminaribus
550 4229 661 4292 souin
682 4229 849 4313 stipendiis
866 4230 1097 4296 monachorum
1117 4232 1168 4297 vel
1186 4232 1318 4298 canoni-

316 4356 437 4413 corum,
448 4333 503 4416 qui
510 4331 631 4396 ibidem
641 4332 777 4414 gentiles
787 4332 829 4397 ad
840 4332 1109 4399 christianitatem
1122 4343 1318 4402 convertunt

316 4443 350 4502 et
372 4435 506 4499 Domini
526 4434 743 4500 misericordia
770 4436 866 4519 ipsos,
889 4458 968 4522 quos
996 4437 1119 4503 habent
1139 4460 1319 4520 conversos,

318 4541 444 4619 docent,
457 4539 551 4622 juxta
570 4537 655 4621 quod
670 4539 724 4603 alii
738 4539 904 4604 christiani
919 4561 1031 4606 eorum
1048 4540 1319 4612 christianitatem
