3259 5467
616 707 768 752 succosa
786 703 1012 750 w1nu1aauoo.
1255 687 1317 752 147

310 849 461 913 voluntas
485 848 674 913 succreverit
686 875 695 927 ;
725 847 868 912 Domino
892 848 1027 930 Deoque
1049 846 1221 930 adjuvante
1247 868 1317 912 suc·

311 953 485 1018 crescendo
499 953 633 1035 impleta
647 951 699 1030 sit,
715 973 752 1014 ac
766 950 918 1034 perfecta.

355 1057 532 1138 Postquam
548 1055 635 1119 enim
653 1055 736 1119 miro
756 1052 1003 1137 dispensationis
1018 1051 1080 1117 Dei
1099 1052 1232 1137 judicio,
1247 1074 1315 1119 car·

313 1159 423 1223 nalem
451 1158 567 1241 ingens
597 1157 700 1221 sancti
729 1156 788 1220 viri
813 1164 939 1239 patrem
964 1155 1142 1239 arripuerat
1170 1156 1318 1241 languor,

313 1262 460 1346 deposita
472 1283 548 1325 mox
558 1260 694 1345 pristina
709 1258 827 1324 mentis
841 1259 1017 1343 pertinacia
1030 1281 1176 1344 puerum,
1188 1260 1317 1344 propin-

314 1387 451 1450 quorum
467 1365 554 1429 facta
573 1363 796 1442 conventione,
818 1362 860 1427 ad
881 1364 1113 1428 monasterium
1135 1363 1221 1447 quod
1238 1363 1318 1447 pris-

312 1490 425 1533 corum
447 1474 654 1551 nuncupatur
664 1467 823 1532 *vocabulo
842 1466 1104 1546 Adescaneastre,
1123 1474 1319 1550 spontaneus

313 1596 333 1639 a
348 1573 490 1639 Domino
506 1572 635 1656 quidem
655 1579 822 1655 correptus
842 1570 975 1636 direxit:
999 1578 1032 1636 et
1046 1571 1134 1637 fideli
1146 1572 1214 1637 viro
1228 1573 1319 1638 Wol-

313 1676 448 1762 phardo,
461 1677 516 1760 qui
533 1682 565 1740 et
579 1676 690 1740 Abbas
706 1675 815 1740 extitit
831 1674 917 1739 illius
931 1675 1127 1755 monasterii,
1139 1697 1196 1759 per
1209 1676 1320 1741 fideles

315 1803 384 1846 suae
398 1779 568 1863 legationis
588 1778 721 1844 nuntios
740 1779 903 1844 redditum
921 1779 1166 1844 commendavit.
1212 1779 1320 1846 Quem

313 1884 492 1968 puerilibus
516 1884 621 1948 adhuc
650 1883 685 1946 in
712 1882 805 1947 annis
832 1882 1038 1962 constitutus,
1063 1881 1224 1966 sapienter
1253 1883 1319 1948 suis

314 2010 423 2053 seeum
445 1987 627 2052 astantibus
646 1987 756 2051 amicis
779 1987 937 2051 allocutus
960 1993 1026 2050 est:
1053 1993 1086 2051 et
1107 1985 1194 2069 quod
1215 1985 1319 2052 multo

313 2092 461 2156 videlicet
476 2099 630 2175 tempore,
645 2090 864 2155 monasteriali
881 2111 916 2153 se
930 2090 1051 2173 regulae
1066 2089 1222 2173 subjicere
1236 2089 1318 2154 desi·

314 2195 466 2274 derasset,
481 2194 665 2259 rationabili
681 2195 806 2278 prolata
819 2193 984 2277 petitione,
1001 2193 1084 2258 sicut
1098 2192 1319 2277 aparentibus

312 2301 439 2385 pridem
467 2301 600 2366 edoctus
630 2308 708 2379 erat,
735 2299 900 2364 indicavit.
952 2297 1018 2363 Cui
1045 2299 1192 2383 protinus
1221 2300 1320 2365 Pater

314 2405 512 2484 monasterii,
541 2405 624 2469 inito
652 2405 790 2469 fratrum
814 2404 956 2484 oonsilio,
983 2410 1154 2470 eteorum
1179 2410 1319 2488 accepta,

313 2508 398 2573 sicut
417 2508 574 2592 regularis
593 2508 669 2573 vitae
689 2508 768 2574 ordo
793 2509 948 2592 poposcit,
970 2507 1213 2574 benedictione:
1243 2529 1319 2573 eon·

315 2633 446 2676 sensum
466 2611 614 2696 praebuit,
638 2619 672 2677 et
692 2613 854 2677 effectum.
902 2613 1018 2696 Sicque
1041 2613 1089 2677 vir
1113 2612 1177 2677 Dei
1200 2611 1321 2677 carnali

315 2715 449 2780 orbatus
474 2723 575 2800 patre,
595 2716 781 2800 adoptivum
803 2723 921 2780 nostrae
942 2716 1171 2800 redemptionis
1190 2722 1320 2780 secutus

315 2827 366 2884 est
384 2826 526 2903 patrem:
554 2821 754 2906 terrenisque
774 2821 883 2886 saeculi
901 2822 1094 2886 renuncians
1114 2821 1220 2901 lucris,
1236 2842 1320 2886 mer·

314 2922 492 2987 aimonium
513 2923 662 3008 deinceps
682 2931 812 2990 aeternae
833 2924 1030 2989 haereditatis
1052 2925 1214 3008 acquirere
1235 2932 1319 2990 sata·

317 3025 425 3108 gebat,
441 3032 479 3090 ut
493 3028 588 3111 juxta
602 3027 773 3091 veridicam
792 3027 936 3092 veritatis
949 3048 1069 3106 vocem,
1084 3035 1209 3112 patrem
1223 3028 1319 3092 relin-

318 3129 457 3211 quendo,
485 3152 522 3194 ac
550 3137 699 3210 matrem,
724 3138 781 3195 aut
810 3138 996 3214 agnoscat
1025 3131 1097 3210 alia,—
1124 3151 1195 3214 quae
1222 3131 1320 3215 hujus

316 3232 432 3296 mundi
454 3241 540 3312 sunt,
565 3234 754 3318 centuplum
783 3233 949 3318 acciperet,
974 3241 1009 3298 et
1036 3233 1137 3298 vitam
1165 3239 1319 3298 aeternam

316 3335 502 3419 possideret.

318 3676 434 3739 Oscor
465 3676 513 3740 ΙΙ.
576 3677 716 3750 Qualiter
750 3677 962 3740 odolescentia
994 3677 1148 3742 incentivu
1171 3680 1320 3761 primitus

483 3779 662 3862 fronymi,
678 3785 709 3843 et
722 3779 860 3843 omuibus
876 3780 961 3843 bocia
974 3781 1146 3845 inhaereret.

324 4027 328 4034 .
361 3966 520 4030 Exruaro
543 3966 652 4050 igitur,
678 3966 754 4031 licet
779 3967 976 4047 summatim,
999 3968 1198 4052 primordiali
1222 3989 1319 4051 expo-

318 4069 445 4134 sitionis
464 4077 584 4135 nostrae
604 4069 727 4150 ordine,
744 4070 820 4154 quia
840 4072 927 4155 quali
948 4093 983 4136 se
1003 4072 1040 4134 in
1056 4070 1150 4134 initio
1169 4070 1321 4135 studiosae

319 4173 569 4237 conversationis
596 4174 817 4238 sanctimoniae
842 4174 1029 4252 subdiderit,
1048 4173 1188 4237 breviter
1208 4179 1320 4256 protu-

318 4275 426 4355 limus,
447 4282 485 4340 ut
505 4275 634 4342 fabricae
656 4299 676 4341 a
696 4276 790 4341 nobis
809 4277 1023 4342 fundamento
1041 4276 1196 4355 confecto,
1217 4282 1320 4341 struc-

319 4385 402 4446 turae
416 4379 572 4462 paulatim
587 4380 767 4445 sublimitas
782 4381 824 4445 ad
839 4403 965 4444 summa
978 4379 1074 4444 altius
1088 4379 1275 4462 erigeretur.

362 4484 540 4567 Postquam
562 4483 663 4568 igitur
687 4485 833 4549 infantiae
863 4491 986 4568 septem
1013 4483 1204 4548 evolvuntur
1228 4486 1318 4564 anni,

318 4586 449 4671 puerilis
480 4587 671 4653 adveniente
700 4588 814 4653 decore
844 4588 957 4667 aetatis,
982 4587 1079 4653 etiam
1109 4587 1199 4651 mira.
1218 4587 1255 4652 in
1280 4611 1319 4654 co
