3259 5467
624 726 779 773 sucrous
796 726 1025 774 wlLLIBALno.
1261 713 1320 776 171

312 873 455 938 salutare
477 873 632 939 doctrinae
653 874 792 939 coelestis
815 880 1028 958 augmentum
1049 875 1218 946 admonuit
1242 898 1318 942 con-

313 978 442 1056 servari,
479 986 513 1043 et
554 976 826 1061 quemadmodum
866 977 903 1042 iu
944 977 1066 1057 Nicaea,
1105 977 1320 1052 Constantino

313 1082 466 1163 Augusto
486 1080 571 1145 orbis
593 1081 813 1145 monarchiam
835 1079 1048 1164 gubernante,
1063 1080 1194 1145 Arianae
1212 1103 1324 1148 eversa

314 1189 364 1247 est
393 1183 528 1267 perfidia
556 1183 771 1268 blasphemiae,
796 1190 830 1247 et
859 1190 992 1248 centum
1021 1191 1055 1248 et
1084 1185 1320 1270 quinquaginta

313 1285 459 1366 Patrum,
480 1287 658 1351 Theodosio
680 1286 805 1351 seniore
825 1286 1105 1370 Constantinopoli
1126 1287 1316 1372 imperante,

311 1390 529 1473 congregatio,
552 1390 714 1474 quendam
729 1390 961 1454 Macedonium
978 1390 1134 1475 Spiritum
1157 1392 1191 1455 S.
1209 1393 1317 1457 Deum

311 1515 381 1558 esse
395 1494 593 1558 refutantem
607 1493 843 1572 condemnavit,
854 1500 951 1576 atque
963 1492 1176 1558 ducentorum
1186 1496 1316 1579 Episco-

310 1618 427 1681 porum
448 1598 566 1676 unitas,
583 1597 642 1661 sub
661 1598 790 1681 juniore
813 1596 991 1661 Theodosio
1011 1597 1097 1681 apud
1119 1597 1315 1680 Ephesinam

311 1699 428 1764 urbem
451 1701 632 1780 adventata,
654 1700 844 1765 Nestorium
868 1699 1012 1782 geminas
1036 1701 1071 1763 in
1093 1700 1222 1766 Christo
1244 1722 1315 1785 per-

311 1825 407 1867 sonas
436 1804 652 1888 profitentem,
678 1825 698 1867 a
721 1803 889 1867 Catholica
914 1804 1004 1886 justo
1030 1805 1237 1868 anathemate
1266 1825 1320 1868 se-v

311 1907 457 1990 gregavit
486 1906 647 1971 Ecclesia:
684 1928 812 1971 necnon
842 1914 875 1971 et
905 1906 1173 1970 Chalcedonensis
1200 1907 1314 1990 synodi
1360 1902 1364 1909 ”

312 2017 537 2074 sexcentorum
558 2009 694 2092 triginta
715 2008 918 2074 secerdotum
940 2008 1120 2087 conventio,
1142 2008 1316 2094 Eutychen

313 2113 680 2197 Constantinopolitanae
698 2112 789 2176 urbis
807 2112 980 2191 Abbatem,
996 2118 1029 2176 et
1051 2111 1242 2177 Dioscorum
1261 2110 1315 2176 de-

312 2215 474 2280 fensorem
499 2217 578 2300 ejus,
603 2216 767 2281 catholieae
792 2216 867 2280 fidei
892 2217 928 2279 in
957 2216 1084 2281 unitate
1112 2215 1315 2295 rebellantes,

308 2320 404 2404 juxta
426 2320 618 2404 praefinitam
641 2326 772 2403 patrum
795 2320 1000 2399 sententiam,
1024 2319 1315 2398 anathematizavit,

311 2423 359 2486 ita
382 2423 532 2507 equidem
557 2423 644 2507 apud
668 2423 839 2487 branciam
864 2423 953 2486 omni
981 2422 1130 2488 funditus
1155 2423 1316 2488 eradicata

311 2528 537 2592 haereticorum
562 2526 704 2611 perfidia,
729 2533 761 2591 et
787 2526 962 2610 exstirpata
990 2526 1175 2610 iniquorum
1204 2528 1315 2611 conju·

311 2634 447 2712 ratione,
457 2633 537 2717 legis
547 2633 662 2696 divinae
671 2631 873 2715 augebantur
881 2633 1089 2712 incrementa,
1101 2641 1135 2698 et
1146 2632 1315 2718 synodales

312 2736 513 2818 generalium
535 2735 743 2800 conciliorum
768 2757 908 2800 canones
929 2735 1185 2820 recipiebantur:
1220 2757 1314 2820 syno-

312 2840 457 2923 dalisque
483 2839 657 2923 spiritualis
681 2839 809 2903 concilii
837 2839 1069 2922 Episcoporum
1097 2840 1313 2921 congregatio,

309 2944 405 3028 juxta
418 2942 610 3026 praefinitam
625 2941 819 3006 authenticae
834 2941 1074 3006 constitutionis
1089 2941 1314 3005 diffinitionem

311 3046 433 3130 pariter
455 3045 674 3125 conveniebat,
690 3067 761 3129 quoe
781 3045 822 3109 ob
843 3044 1045 3129 quotidianas
1066 3043 1224 3108 bellorum
1246 3065 1315 3109 sus·.

311 3149 463 3233 piciones,
501 3156 535 3213 et
570 3149 722 3213 infestam
759 3147 1070 3212 circumvallantium
1106 3144 1315 3210 barbararum

312 3252 460 3336 gentium
480 3252 681 3331 seditionem,
701 3273 765 3335 qua
784 3258 1011 3316 extraneorum
1026 3247 1122 3313 alieni
1145 3246 1314 3312 Franciam

311 3357 504 3439 populorum
522 3355 688 3439 praedones
709 3354 860 3419 atrociter
875 3352 1021 3418 demoliri
1043 3351 1244 3416 conabantur
1264 3350 1315 3414 vel

310 3460 445 3523 minime
459 3459 545 3523 facta
559 3466 617 3538 est,
633 3459 683 3523 vel
698 3458 796 3522 ctiam
809 3464 912 3522 tantae
933 3462 1002 3521 erat
1018 3454 1170 3520 oblivioni
1183 3454 1316 3532 tradita,

310 3571 348 3628 ut
363 3562 453 3628 omni
474 3561 604 3646 penitus
626 3561 797 3626 obliterata
819 3560 1026 3645 praesentium
1044 3560 1232 3624 saeculorum
1247 3579 1313 3622 me-

310 3666 421 3745 moria,
434 3666 503 3749 jam
520 3666 611 3729 nulla
630 3671 714 3730 essct
733 3664 859 3728 ratione
879 3664 1018 3746 cognita,
1034 3663 1108 3747 quia
1122 3663 1265 3728 mundus
1278 3662 1315 3726 in

311 3791 345 3834 se
372 3768 515 3853 quotidie
538 3768 730 3832 natiualiter
754 3767 805 3831 sui
829 3766 1061 3831 detrimentum
1090 3766 1313 3831 diminutionis

311 3873 419 3936 saltim
434 3871 531 3935 etiam
545 3877 751 3955 recuperatus
762 3870 905 3954 patitur:
929 3891 989 3934 nec
999 3876 1172 3934 renovatus
1183 3869 1313 3952 quidem

310 3998 369 4060 per
382 3975 491 4040 omnia
506 3996 564 4040 suo
579 3974 738 4039 evanescit
753 3973 930 4057 dispendio,
947 3979 980 4037 et
995 3972 1036 4036 ad
1050 3972 1313 4055 praedestinatum

310 4079 493 4144 anhelando
517 4079 617 4143 finem
639 4077 782 4141 festinat.
829 4076 1033 4160 Quapropter
1058 4074 1085 4137 si
1108 4095 1173 4157 qua
1196 4074 1231 4136 in
1253 4071 1313 4136 hec

311 4182 441 4247 mortali
454 4182 552 4267 hujus
566 4179 833 4266 peregrinationis
847 4180 914 4244 vita
927 4179 969 4243 ad
984 4197 1189 4242 communem
1203 4175 1239 4240 in
1252 4174 1314 4240 hoc

311 4286 436 4351 mundo
449 4284 685 4349 infirmantium
706 4283 897 4368 profectum,
913 4281 954 4347 ab
976 4279 1194 4364 spiritualibus
1213 4278 1313 4342 medi-

314 4389 461 4454 cinaliter
482 4394 560 4452 sunt
575 4394 739 4472 comperta
753 4386 948 4464 auctoribus,
964 4383 1059 4449 etiam
1082 4383 1108 4448 si
1123 4381 1315 4467 quandoque

311 4492 463 4556 humanis
484 4491 606 4555 inserta
628 4490 750 4555 fuerint
772 4488 946 4566 mentibus,
967 4509 1087 4570 magua
1108 4493 1185 4551 sunt
1208 4485 1314 4549 muni·

311 4596 408 4660 tionis
432 4595 622 4661 fortitudine
648 4617 667 4659 a
690 4592 866 4668 Catholicis
889 4592 1105 4657 conservanda
1128 4596 1162 4656 et
1186 4589 1316 4674 profixa

781 4717 806 4758 n
823 4699 844 4760 2
