3259 5467
314 673 379 737 256
569 692 662 734 norm
680 692 719 733 cr
736 691 852 734 vsurn
869 690 1063 732 nncmonrs.

312 833 420 912 malie,
441 853 527 896 anno
549 831 677 915 integro
699 853 719 894 a
740 830 823 895 febri
845 830 980 916 aliisque
1002 829 1125 894 morbis
1148 829 1245 894 liberi
1264 853 1318 915 pu·
1375 895 1377 902 ,

314 944 437 1001 tantur.

357 1039 451 1103 XVI.
473 1040 523 1102 De
534 1038 657 1102 cerebro
670 1036 875 1120 animalium]
904 1035 1129 1100 Divinationes
1140 1058 1180 1100 ex
1192 1037 1321 1101 cerebro

313 1143 503 1208 animalium
523 1142 587 1205 sive
607 1140 789 1224 haruspicis
814 1149 848 1204 et
868 1139 1032 1223 extispicia
1053 1139 1089 1203 in
1104 1161 1196 1204 more
1214 1140 1320 1218 finisse,

315 1254 365 1310 sat
380 1266 539 1328 superque
554 1245 673 1327 liquet;
698 1244 803 1327 capita
814 1252 924 1308 autem
939 1243 1130 1307 animalium
1141 1244 1321 1307 immolato

315 1373 388 1415 rum
404 1350 475 1414 Diis
491 1350 671 1432 specialiter
690 1349 799 1412 oblata
817 1355 856 1412 ut
876 1355 982 1432 partes
1003 1347 1195 1411 animalium
1213 1348 1320 1430 praeci·

315 1476 396 1538 puas
410 1453 498 1517 haud
513 1475 616 1537 pauca
630 1453 664 1514 in
681 1451 811 1515 cerebro
823 1449 977 1534 mysteria
991 1448 1159 1513 continere
1174 1454 1321 1512 autuma-

316 1558 397 1622 bant
422 1564 555 1634 veteres,
579 1555 667 1620 unde
691 1553 834 1619 fortassis
860 1575 918 1636 per
941 1551 1063 1616 cerebri
1088 1552 1323 1635 inspectionem

316 1662 404 1725 Deos
419 1659 596 1737 consulere,
610 1659 785 1740 futuraque
801 1677 840 1720 ex
855 1677 893 1720 eo
907 1655 1115 1738 indagarunt.

361 1765 474 1829 XVII.
497 1766 546 1827 De
561 1764 770 1826 observatione
783 1782 913 1842 popano
927 1761 961 1823 in
972 1759 1046 1841 foco
1061 1762 1110 1823 vel
1129 1761 1325 1824 inchoatione

318 1869 449 1950 olicrp‘us
463 1867 534 1950 rei]
561 1866 610 1929 Ex
627 1886 761 1928 ascensu
776 1864 857 1926 fumi
878 1863 919 1927 ad
939 1864 1059 1927 aethera
1076 1870 1165 1927 recto
1181 1869 1241 1927 aut
1256 1865 1325 1948 ejus

319 1977 449 2035 evento
465 1969 668 2052 depressione
688 1974 745 2031 aut
765 1967 952 2052 disjectione
971 1966 1059 2030 varia
1078 1966 1325 2030 deducebantur

319 2075 437 2139 omina
482 2072 626 2136 Pictores
651 2070 763 2134 Abelis
787 2079 820 2134 et
847 2070 940 2134 Caini
965 2070 1119 2134 sacrificia
1145 2071 1324 2154 exprimere

317 2177 472 2255 volentes,
496 2177 659 2238 flammam
689 2174 724 2237 in
753 2195 809 2237 ara
834 2173 946 2237 Abelis
971 2172 1112 2240 lucidam
1135 2180 1169 2237 et
1195 2173 1324 2236 fumum

318 2288 408 2344 recta
427 2279 468 2343 ad
487 2281 605 2343 coelum
627 2278 855 2342 ascendentem
877 2278 1028 2361 pingunt,
1046 2278 1139 2341 Caini
1160 2299 1239 2342 vero
1262 2300 1327 2342 arae

320 2384 430 2466 ignem
455 2388 488 2446 et
511 2382 639 2444 fumum
664 2388 802 2444 evento
827 2379 1045 2444 disturbatum
1068 2388 1101 2444 et
1125 2381 1323 2464 depressum.

322 2485 427 2552 Certis
451 2483 564 2547 diebus
590 2505 665 2547 cum
692 2490 749 2546 aut
777 2483 950 2547 inchoatur
974 2483 1053 2546 luna
1078 2490 1135 2547 aut
1160 2483 1324 2567 impletur,

322 2589 455 2672 agendis
474 2588 572 2651 rebus
591 2588 881 2671 auspicatissimum
899 2587 1032 2651 initium
1048 2583 1208 2652 (irermani>
1226 2590 1325 2654 credi-

324 2692 441 2755 derunt
456 2697 539 2754 teste
553 2691 674 2754 Tacito.
720 2691 821 2754 Lunae
832 2690 1067 2755 observationes
1083 2690 1189 2754 adhuc
1204 2691 1326 2774 agrico-

323 2795 364 2857 lis
387 2800 420 2857 et
443 2793 623 2857 hortulanis
652 2794 776 2856 firmius
799 2793 938 2858 insidere
962 2793 1034 2877 quis
1056 2793 1210 2876 ignorat?
1257 2794 1327 2860 Has

324 2899 443 2980 finges,
455 2897 524 2960 haee
539 2897 625 2961 olera
640 2903 801 2960 crescente
817 2904 874 2960 aut
885 2897 1089 2961 decrescente
1102 2898 1183 2962 luna
1194 2897 1257 2962 seri
1272 2904 1329 2962 aut

325 2999 556 3083 transplantari
571 2998 696 3076 debere,
712 2999 789 3062 alias
811 3021 879 3063 non
901 3001 1053 3082 proficere
1073 3021 1113 3064 ex
1129 3022 1260 3084 pagana
1277 3023 1329 3064 su·

326 3103 514 3187 perstitione
529 3104 666 3166 credunt
680 3109 714 3166 et
724 3102 848 3184 jurant.

371 3205 500 3269 XVIII.
524 3207 577 3269 De
606 3207 733 3268 incertis
762 3207 846 3282 locis,
873 3225 938 3287 qne
968 3208 1071 3270 colent
1093 3227 1156 3289 pro
1181 3207 1325 3291 conctis]

328 3311 457 3392 Vulgus
478 3310 548 3373 loca
569 3309 693 3372 incerta
713 3316 804 3372 vocat
830 3309 983 3389 Uesteten,
1004 3310 1044 3374 de
1067 3309 1193 3393 quibus,
1213 3332 1332 3395 nempe

328 3413 386 3476 ubi
409 3413 483 3491 sint,
507 3412 658 3476 nescitur.
713 3413 796 3475 Cum
820 3412 890 3494 quis
912 3413 977 3477 huc
998 3412 1139 3496 illucque
1160 3414 1331 3477 ambulans

331 3514 500 3578 subitaneo
515 3520 680 3596 correptus
699 3514 812 3578 fuisset
831 3514 944 3578 morbo
958 3516 1009 3578 vel
1024 3515 1128 3580 eidem
1147 3516 1332 3580 membrum

332 3617 471 3699 corporis
491 3616 652 3693 doluisset,
675 3617 809 3680 rationis
831 3618 936 3700 ignari
955 3618 1086 3682 dieunt:
1113 3640 1148 3682 er
1167 3640 1239 3701 sepe
1258 3620 1334 3683 iiber

331 3721 398 3782 eine
417 3720 539 3781 Unstete
554 3739 722 3800 peyanpen
739 3721 803 3784 sive
826 3743 900 3784 eum
921 3722 1057 3784 calcasse
1072 3722 1189 3801 locum,
1206 3723 1263 3805 qui
1278 3722 1336 3786 ubi

331 3824 381 3901 sit,
405 3822 567 3886 nesciatur
588 3829 620 3885 et
644 3824 719 3904 quia
739 3824 767 3886 is
789 3832 920 3888 sanctus
946 3824 997 3902 sit,
1021 3825 1135 3907 genius
1156 3825 1219 3892 loci
1242 3826 1336 3891 illum

332 3927 473 4010 puniisse
489 3926 667 3990 somniatur
685 3933 852 4009 tamquam
872 3927 921 3991 sui
940 3927 1126 3992 violatorem
1142 3935 1175 3992 et
1190 3936 1336 3992 contem-

332 4037 446 4094 torem.

378 4135 470 4197 XIX.
494 4134 547 4196 De
555 4134 698 4215 petendo,
714 4135 797 4215 qood
810 4134 881 4198 boni
893 4142 1003 4199 nocent
1019 4136 1053 4199 S.
1063 4134 1204 4218 Morte]
1225 4135 1336 4201 Mein-

334 4237 406 4300 ders
420 4237 457 4301 in
471 4237 634 4299 Thesauro
654 4236 883 4318 antiquitatum
904 4239 1131 4302 Francicerum
1151 4249 1184 4302 et
1201 4239 1337 4303 Saxoni-

335 4362 445 4404 carum
467 4361 599 4403 erronee
621 4339 743 4417 asserit,
767 4341 853 4423 quod
879 4342 985 4405 cultus
1011 4348 1044 4406 et
1069 4342 1229 4408 invocatio
1256 4343 1338 4407 divae

335 4443 451 4506 Mariae
473 4442 606 4525 virginis
630 4450 662 4505 et
689 4450 874 4506 sanctorum
900 4452 996 4527 atque
1025 4445 1205 4528 imaginum
1234 4446 1289 4511 hic
1319 4468 1339 4510 a

336 4544 450 4611 Carolo
479 4544 528 4608 M.
553 4545 651 4608 fuerit
680 4544 871 4627 prohibitus.
916 4547 1055 4612 Veritati
1086 4549 1188 4631 magis
1215 4550 1339 4615 accedit
