3259 5467
407 706 450 766 84
692 720 862 764 acumen
876 719 1124 763 Ascurumscorr

404 869 544 934 tationes
559 869 697 952 injustas
713 867 911 950 depellamus
927 888 946 930 a
959 866 1064 930 nobis.
1102 866 1307 931 Mundemus
1319 868 1412 932 eorda

404 980 438 1036 et
460 994 591 1055 corpora
612 978 725 1036 nostra
747 972 783 1034 in
806 977 981 1053 conspectu
1003 970 1127 1034 domini
1150 971 1213 1035 Dei
1236 972 1352 1050 nostri,
1374 978 1410 1034 ut

405 1076 495 1157 digni
525 1076 624 1138 simus
657 1074 879 1138 habitaculum
913 1072 1186 1156 Spiritui-sancto.
1246 1077 1351 1139 Furta
1379 1081 1410 1138 et

402 1179 541 1262 rapinas,
550 1178 630 1241 falsa
644 1176 840 1254 testimonia,
853 1183 886 1240 et
901 1176 1053 1259 perjuria,
1066 1182 1098 1239 et
1113 1176 1299 1256 homicidia,
1312 1185 1345 1241 et
1360 1177 1408 1241 his

403 1281 520 1344 similia
549 1279 685 1344 crimina
713 1277 822 1342 nullus
855 1285 998 1342 vestrum
1027 1278 1134 1356 faciat,
1165 1301 1207 1342 ne
1239 1280 1408 1364 quisquam

404 1391 517 1448 contra
541 1384 646 1447 alium
674 1382 829 1446 invidiam
857 1381 986 1459 habeat,
1016 1402 1077 1445 nee
1106 1381 1322 1461 inimicitiam,
1349 1405 1408 1447 nec

404 1487 617 1550 dissentiones
647 1487 799 1563 occultas,
831 1483 888 1547 sed
923 1482 1054 1566 pacifice
1091 1491 1299 1548 conversetur
1336 1506 1409 1549 eum

403 1589 564 1668 omnibus,
601 1590 743 1654 Domino
780 1587 929 1651 dicente:
974 1587 1069 1649 Beati
1098 1585 1229 1668 pacaflei
1265 1590 1409 1669 quoniam

402 1695 477 1756 aaliz·
500 1695 561 1756 Dei
585 1692 785 1755 vocabuntur.
831 1689 1133 1767 commessationes,
1156 1688 1192 1753 et
1221 1689 1406 1768 ebrietates,

402 1802 435 1859 et
458 1795 569 1860 inania
593 1796 699 1873 verba,
723 1802 755 1859 et
781 1795 979 1879 turpiloquia
1003 1794 1197 1858 omnimodis
1221 1800 1332 1858 cavete
1354 1816 1406 1858 vo·

400 1899 468 1964 bis:
506 1900 582 1983 quia
617 1901 738 1977 emissi,
772 1905 810 1962 ut
844 1900 922 1964 dicit
959 1901 1144 1984 Apostolus,
1178 1920 1307 1982 repetem
1343 1900 1408 1962 Dei

402 2025 463 2068 aaa
485 2003 696 2086 possidebunt.
756 2003 905 2086 Auguria
934 2011 967 2069 et
996 2005 1234 2070 incantationes
1265 2013 1300 2069 et
1329 2005 1407 2087 liga-

400 2114 491 2170 turas
510 2107 612 2170 nolite
634 2127 790 2185 exercere,
811 2127 872 2170 nec
891 2107 954 2170 illis
975 2109 1124 2172 eredere:
1152 2108 1229 2191 quia
1248 2108 1407 2173 diabolica

399 2210 469 2274 haec
495 2217 572 2273 sunt
596 2216 797 2292 argumenta,
822 2231 890 2274 non
914 2210 1049 2275 Domini
1070 2219 1249 2296 praecepta3
1283 2212 1341 2276 sed
1366 2213 1406 2275 ad

400 2313 521 2376 Christi
536 2314 701 2377 ecelesiam
722 2313 911 2392 concurrite,
923 2313 970 2377 ibi
991 2315 1164 2379 sanitatem
1184 2336 1357 2399 corporum
1373 2322 1406 2378 et

400 2415 536 2478 salutem
561 2416 742 2480 animarum
767 2416 901 2500 quaerite
926 2424 1115 2481 vestrarum.
1161 2418 1204 2482 In
1228 2419 1293 2484 Dei
1317 2418 1404 2482 enim

400 2519 631 2600 omnipotentis
660 2526 820 2602 potestate
850 2520 935 2583 salus
966 2527 998 2584 et
1020 2521 1088 2585 vita
1109 2521 1255 2586 omniurn
1278 2528 1407 2586 nostro·

399 2643 472 2684 rum
487 2628 546 2699 est,
562 2623 653 2705 cujus
672 2622 774 2705 pietas
794 2644 972 2705 numquam
989 2623 1107 2688 deserit
1126 2625 1161 2687 in
1178 2646 1211 2688 se
1226 2633 1403 2707 sperantes.

400 2731 593 2808 quapropter
607 2747 664 2808 per
684 2726 770 2790 illius
792 2726 972 2791 bonitatem
992 2749 1158 2811 speremus
1181 2734 1214 2792 et
1234 2729 1404 2793 credamus

398 2827 506 2891 omnia
531 2827 624 2891 nobis
649 2828 736 2892 bona
758 2829 877 2894 venire.
934 2831 1101 2896 Patientes
1125 2831 1235 2910 simus,
1262 2838 1296 2896 et
1321 2832 1403 2895 nulli

396 2931 519 2994 malum
544 2953 602 3014 pro
625 2932 710 2995 malo
736 2932 917 3012 reddentes,
945 2933 1001 2997 sed
1026 2934 1255 3018 indulgeamus
1280 2935 1318 2998 in
1343 2956 1401 2998 nos

396 3034 613 3117 peccantibus,
629 3042 667 3098 ut
690 3035 799 3099 divina
820 3036 1038 3101 misericordia
1058 3038 1152 3103 nobis
1175 3038 1332 3121 dignetur
1353 3036 1401 3100 in·

397 3138 529 3221 dulgere
545 3139 662 3203 delicta
676 3147 797 3218 nostra,
814 3140 896 3203 sicut
916 3140 952 3204 in
973 3141 1146 3206 Dominiea
1160 3141 1307 3206 oratione
1323 3141 1400 3205 sole·

396 3263 468 3304 mus
484 3242 599 3306 dicere.
646 3243 779 3326 Semper
797 3243 905 3306 Deum
924 3243 1101 3308 habeamus
1119 3244 1242 3327 ubique
1262 3264 1400 3327 praeseu-

394 3351 472 3423 tem,
485 3351 517 3409 et
533 3345 560 3408 si
575 3367 682 3409 coram
697 3346 829 3409 homine
840 3346 992 3410 timemus
1007 3368 1149 3431 peccare,
1162 3353 1286 3430 quanto
1298 3345 1400 3429 magis

395 3469 502 3510 coram
529 3448 629 3511 oeulis
654 3449 728 3527 Dei,
755 3451 810 3532 qui
834 3450 943 3513 omnia
968 3449 1206 3514 evidentissime
1233 3448 1398 3532 conspicit,

396 3571 467 3632 quae
491 3571 551 3612 nos
577 3551 756 3633 cogitamus
778 3553 828 3615 vel
849 3553 1020 3636 loquimur,
1044 3554 1094 3616 vel
1117 3552 1254 3635 agimus.
1300 3552 1399 3615 Illum

394 3649 515 3731 ubique
529 3649 686 3713 habemus
700 3658 818 3715 testem
838 3652 873 3716 in
892 3653 959 3717 vita
978 3660 1098 3732 nostra,
1114 3653 1206 3716 illum
1224 3652 1399 3736 posthanc

394 3751 493 3814 vitam
504 3751 647 3835 judicem
662 3753 829 3833 habemus,
844 3755 931 3818 illius
953 3777 1080 3838 semper
1094 3762 1165 3819 tota
1179 3754 1353 3818 dilectione
1367 3760 1399 3817 et

392 3860 463 3917 tota
476 3854 594 3919 virtute
614 3855 803 3938 impleamus
823 3858 1033 3937 voluntatem,
1051 3864 1212 3941 quatenus
1229 3856 1285 3919 ille
1303 3854 1397 3920 nobis

392 3956 526 4038 gloriam
541 3965 695 4022 aeternam
715 3980 789 4022 cum
813 3960 931 4023 sanctis
954 3961 1020 4024 suis
1043 3959 1218 4024 concedere
1234 3958 1396 4041 dignetur,

392 4066 429 4122 ut
452 4060 529 4123 dum
552 4061 642 4144 impii
663 4083 721 4144 pro
743 4063 883 4144 peccatis
906 4068 939 4126 et
965 4062 1138 4127 sceleribus
1165 4060 1231 4124 suis
1258 4058 1396 4124 flammis

390 4183 464 4225 eum
480 4162 605 4226 diabolo
629 4163 800 4227 tradentur
820 4165 958 4243 aeternis,
974 4187 1034 4230 nos
1054 4186 1112 4248 pro
1132 4162 1226 4227 bonis
1247 4161 1396 4246 operibus

390 4287 464 4328 cum
480 4265 607 4329 Christo
629 4272 661 4329 et
682 4266 819 4330 coetibus
841 4267 993 4350 angelicis
1014 4265 1133 4350 gaudia
1147 4272 1279 4329 aeternae
1293 4261 1394 4329 beati·

389 4368 510 4431 tudinis
526 4368 633 4433 divina
647 4370 789 4434 donante
805 4371 909 4453 gratia
923 4370 1046 4434 intrare
1061 4388 1255 4433 mereamur.
