3259 5467
723 679 760 722 ru
778 679 967 724 nrmronus.
1281 666 1345 728 229

342 845 430 889 anno
445 824 711 889 DCCXXXVII.
728 833 760 890 et
775 826 848 891 ideo
865 825 954 891 hunc
972 828 1121 891 Osredum
1130 829 1300 911 juvenilem
1317 837 1347 894 et

342 928 533 992 lucurioeum
562 930 658 993 vitam
680 930 859 1010 perdidisse
887 930 933 994 ait
960 931 994 994 S.
1018 931 1213 996 Bonifacius.
1258 934 1348 998 Nota

341 1031 396 1094 hic
410 1031 520 1096 tristes
541 1052 654 1114 regum
679 1033 742 1097 Dei
758 1032 847 1117 leges
865 1033 1154 1112 contemnentium,
1170 1057 1260 1100 sacra
1281 1036 1346 1102 vio·

341 1133 491 1212 lantium,
502 1134 704 1218 nimiumque
715 1136 945 1219 juvenantium
960 1136 1099 1201 exitus.''
1113 1139 1176 1217 W,
1189 1174 1215 1202 =
1227 1162 1259 1223 p.
1273 1142 1346 1217 138,

341 1235 365 1299 l.
390 1239 429 1299 15
455 1238 564 1301 “Post
588 1237 649 1302 hoc
671 1238 804 1303 verbum
819 1234 975 1320 perdidit,
995 1240 1064 1304 haec
1086 1240 1240 1324 leguntur
1262 1244 1348 1327 apud

342 1338 521 1404 Baronium
543 1347 621 1405 tom.
644 1341 706 1405 IX.
728 1363 759 1425 p.
785 1345 869 1408 175:
903 1344 1033 1406 Carolus
1061 1364 1177 1426 quoquc
1200 1347 1348 1429 princeps

341 1444 534 1507 Francorum
555 1446 718 1508 multorum
740 1449 995 1510 monasteriorum
1018 1467 1139 1512 euersor
1158 1454 1189 1512 et
1206 1452 1347 1514 ecclesia-

341 1547 492 1610 sticarum
504 1548 709 1628 pecuniarum
727 1549 761 1612 in
783 1569 857 1612 usur
870 1551 1019 1631 proprios
1038 1557 1240 1615 commutator
1256 1555 1348 1637 longa

343 1654 478 1716 taraone
492 1659 523 1715 ct
536 1654 669 1716 emenda
684 1660 782 1718 morte
797 1661 973 1718 consumtus
986 1661 1043 1719 est.
1080 1657 1168 1722 Dein
1182 1659 1345 1743 pergitur:

346 1755 542 1836 Quapropter
548 1755 602 1836 fili
615 1757 794 1820 carissime'’
810 1763 867 1821 etc.
883 1758 937 1822 W.

387 1858 449 1941 Ep.
479 1859 532 1937 64,
558 1880 590 1942 p.
616 1861 690 1938 147,
714 1860 736 1923 l.
763 1863 807 1924 24
833 1861 991 1944 Egregius
1017 1864 1144 1946 W=p.
1170 1864 1345 1942 148,l.11

344 1961 526 2024 animarum
540 1998 566 2026 =
580 1983 612 2044 p.
631 1965 703 2041 149,
718 1963 741 2026 l.
756 1965 780 2025 4
795 1963 1030 2047 “Subscriptio
1046 1965 1116 2028 haec
1130 1965 1229 2030 etiam
1243 1973 1347 2031 exstat

343 2064 380 2128 in
402 2065 542 2130 editione
564 2067 688 2130 Anton.
704 2065 745 2129 de
759 2066 891 2150 Aquino
912 2074 1003 2132 tomo
1019 2068 1069 2131 II.
1084 2068 1140 2131 sed
1156 2069 1190 2132 in
1206 2069 1346 2134 editione

345 2167 442 2246 Snrii,
468 2167 505 2230 in
530 2168 610 2231 actis
634 2168 667 2231 S.
691 2168 850 2233 Bonifacii
873 2168 914 2232 ad
937 2169 1022 2235 diem
1042 2170 1084 2233 V.
1106 2172 1183 2235 Jun.
1215 2171 1348 2256 epistola

343 2270 414 2334 haec
438 2269 598 2354 reperitur
620 2271 689 2335 sine
711 2293 798 2336 anno
820 2279 854 2336 et
872 2273 1059 2338 indictione.
1105 2275 1254 2358 Denique
1273 2276 1347 2340 Ma-

344 2374 494 2438 hillonius
509 2374 544 2439 in
558 2380 627 2440 not.
643 2373 684 2437 ad
698 2373 798 2437 vitam
815 2375 849 2438 S.
862 2374 1020 2439 Bonifacii
1035 2374 1075 2439 ab
1091 2375 1235 2440 Othlono
1250 2373 1346 2460 scrip-

343 2485 414 2542 tam
436 2501 467 2561 p.
493 2480 536 2543 70
561 2498 632 2541 eam
657 2477 826 2561 epistolam
850 2477 1012 2543 Zachariae
1040 2485 1249 2561 repraesentat
1278 2478 1348 2543 sine

342 2581 399 2644 illa
418 2579 660 2663 subscriptione,
679 2580 798 2662 aitque,
823 2581 925 2644 deesse
944 2581 978 2643 in
997 2580 1151 2644 codicibus
1172 2581 1252 2645 Mes.
1274 2602 1349 2663 quos

342 2687 409 2766 ipae
429 2686 555 2767 teperet.
601 2684 760 2748 Beronius
783 2683 955 2762 existimat,
972 2705 1113 2748 errorem
1134 2684 1297 2768 irrepsisse
1311 2685 1347 2748 in

343 2809 468 2852 annum
500 2786 625 2869 imperii
657 2794 729 2870 post
763 2786 863 2870 patris
893 2793 1032 2850 mortem
1061 2786 1287 2867 administrati,
1313 2793 1346 2851 et

343 2890 423 2968 loco,
449 2889 576 2973 imperii
601 2890 670 2973 ejus
691 2911 777 2954 anno
801 2896 900 2968 sexto,
925 2889 1099 2972 legendum
1120 2910 1198 2968 esse,
1225 2891 1347 2972 imperii

343 2994 409 3074 e‘us
438 3014 518 3056 anuo
548 2998 664 3056 octavo.
722 2992 787 3056 Sed
822 3014 896 3057 cum
926 2992 1067 3057 fateatur
1096 2993 1348 3056 Constantinum

343 3095 470 3159 vivente
491 3102 584 3179 patre
601 3102 746 3160 creatum
767 3116 837 3159 esse
858 3096 1095 3178 imperatorem,
1115 3093 1185 3177 ipso
1203 3093 1254 3159 die
1275 3116 1346 3178 pas-

343 3198 457 3277 chatis,
488 3220 574 3263 anno
608 3198 729 3262 Christi
760 3198 921 3262 DCCXX
948 3197 1116 3280 solumque
1145 3203 1218 3279 post
1247 3198 1347 3280 patris

342 3309 481 3366 mortem
517 3301 651 3385 imperio
693 3301 835 3385 potitum
871 3321 982 3364 mense
1027 3299 1128 3363 Junio
1174 3321 1227 3363 an.
1270 3299 1347 3367 Chr.

343 3404 521 3469 DCCXLI.
544 3403 613 3468 haec
633 3404 817 3469 emendatio
841 3411 927 3468 stare
948 3425 1015 3467 non
1038 3409 1154 3486 potest.
1200 3403 1348 3468 Cointius

309 3540 314 3566 ι
343 3531 395 3572 an.
406 3508 656 3579 DCCXLVIII.
673 3530 705 3572 n.
722 3508 751 3572 Ι.
770 3507 828 3572 ubi
842 3507 927 3571 hanc
942 3506 1110 3591 epistolam
1123 3506 1252 3587 recitat,
1264 3506 1348 3571 arhi-

342 3619 459 3689 tratur,
482 3633 623 3677 errorem
645 3633 714 3675 esse
739 3611 773 3674 in
796 3610 965 3695 posteriori
987 3611 1108 3696 epocha
1130 3610 1346 3690 Constantini,

343 3723 375 3779 et
397 3715 432 3779 in
454 3714 640 3792 indictione,
659 3714 795 3778 aeduos
814 3713 886 3777 illos
908 3714 1118 3793 characteres,
1142 3737 1266 3780 annum
1287 3715 1347 3779 sci·

342 3817 417 3881 licet
427 3817 489 3881 VI.
500 3817 649 3882 secundae
658 3817 788 3900 epochae
798 3816 1085 3896 Constantinianae,
1095 3824 1129 3883 et
1139 3817 1350 3882 indictionem

343 3921 416 3984 XV.
432 3920 575 4005 corrigit,
593 3942 631 3984 ac
649 3921 720 3984 loco
740 3920 819 3983 anni
836 3920 897 3982 VI.
913 3923 1083 4002 septimum,
1105 3925 1138 3983 et
1155 3919 1349 3984 Indictionis

342 4024 415 4087 XV.
436 4023 508 4088 loco
523 4025 662 4105 menam
678 4022 815 4106 reponit.
861 4021 942 4105 Pagi
963 4042 1031 4087 non
1054 4020 1191 4100 dubitat,
1210 4021 1289 4106 quin
1312 4021 1349 4084 in

342 4126 442 4190 solam
460 4125 600 4208 priorem
615 4124 822 4189 Constantini
843 4124 998 4208 epocham
1019 4143 1107 4188 error
1124 4123 1298 4207 irrepserit,
1315 4129 1349 4187 et

340 4227 421 4307 loco,
437 4249 524 4293 anno
543 4227 708 4292 XXVIII.
724 4226 899 4311 legendum
915 4227 966 4306 sit,
983 4249 1035 4291 an.
1051 4224 1199 4290 XXVII.
1213 4244 1288 4289 cum
1303 4225 1349 4290 sic

340 4352 454 4397 omnes
475 4331 523 4395 illi
540 4340 725 4415 temporum
746 4330 948 4397 characteres
970 4337 1056 4394 recte
1078 4329 1165 4395 inter
1186 4350 1221 4394 se
1243 4328 1347 4394 cohue·

341 4442 443 4514 reant,
459 4435 653 4520 liqueatque,
665 4434 834 4518 epistolam
844 4434 931 4498 hanc
940 4433 1049 4498 datam
1061 4454 1129 4498 esse
1141 4454 1193 4498 an.
1203 4433 1346 4498 XLVII.

341 4538 428 4603 Non.
445 4539 467 4601 J
468 4561 579 4604 anuar.
596 4538 772 4602 indictione
787 4537 902 4601 XVII.
917 4536 1005 4601 Non.
1023 4537 1156 4602 ianuar.
1171 4535 1348 4602 indictione
