3259 5467
478 1274 558 1348 VII.
608 1275 726 1350 VITA
759 1276 817 1351 ΕΤ
851 1276 1158 1354 MARTYRIUM

367 1524 408 1614 S.
437 1524 616 1614 LIVINI
643 1525 881 1616 EPISCOPI
908 1526 974 1656 ΕΤ
1000 1527 1275 1617 MARTYRIS

486 1798 603 1873 [OPUS
624 1798 848 1858 BONIFACIO
868 1799 1154 1874 ADSCRIPTUM]

690 2167 945 2245 PROLOGUS.

312 2331 495 2414 Bonifaciaa
509 2333 597 2393 tanc
610 2334 767 2411 peccator,
782 2349 889 2393 saras
903 2350 1057 2395 canaam
1073 2333 1200 2397 Domini
1219 2337 1320 2399 nostri

355 2437 432 2498 Jesa
454 2433 747 2511 Christianam
766 2433 823 2496 aab
843 2435 1031 2499 auctoritate
1049 2443 1164 2500 scactoe
1185 2443 1216 2501 et
1229 2439 1318 2502 Iadi-

357 2540 455 2602 vidaa
477 2537 647 2600 Trinitatis
660 2556 753 2617 saper
765 2535 895 2618 firmam
908 2544 1035 2620 petram
1046 2538 1195 2621 fundatis
1209 2541 1318 2606 Eccle-

357 2643 423 2720 siis,
439 2643 472 2705 ia
486 2661 604 2704 simma
610 2638 777 2721 felicitate,
790 2641 925 2723 atomum
931 2639 1099 2723 felicitatis
1113 2650 1242 2708 catana.

357 2805 563 2868 Bramssrnr
591 2801 697 2866 Patris
728 2808 761 2866 et
785 2802 856 2866 Deo
882 2802 990 2867 dilecti
1017 2805 1182 2871 Pontificis
1209 2807 1318 2872 Livini

312 2910 514 2972 venerandus
544 2904 689 2989 gloriosae
722 2903 877 2987 passionis
911 2904 1094 2990 triumphus
1128 2908 1317 2973 hodiernam

312 3010 549 3075 solemnitatem
584 3006 694 3091 gaudii
727 3006 840 3084 nostri,
871 3007 906 3070 in
942 3030 1069 3090 magnae
1102 3013 1317 3077 venerationis

312 3115 434 3178 honore
450 3111 706 3178 ceremonialiter
720 3109 814 3174 nobis
830 3109 1064 3190 celebrandam,
1081 3118 1113 3177 et
1128 3113 1242 3178 votivis
1260 3116 1316 3179 ad-

311 3217 486 3281 hibendam
511 3215 656 3292 sancivit,
675 3214 798 3297 inclyta
821 3213 906 3277 tanti
928 3214 1034 3278 Patris
1060 3215 1101 3279 ad
1124 3216 1316 3281 declaranda

311 3319 435 3383 mundo
455 3319 645 3383 meritorum
667 3317 837 3399 praeoonia.
883 3315 1011 3382 Quibus
1030 3318 1198 3383 hortamur
1221 3320 1315 3385 affec-

311 3422 444 3486 tualiter
464 3421 699 3503 congratulari:
731 3419 892 3484 excitante
912 3440 971 3484 nos
992 3421 1032 3484 ad
1056 3422 1153 3506 hujus
1175 3421 1316 3488 devotio-

311 3526 362 3588 nis
389 3524 506 3609 gaudia
531 3525 600 3607 ipso
630 3523 769 3587 rorantis
800 3523 879 3587 anni
908 3523 1045 3588 solemni
1069 3532 1223 3609 tempore,
1252 3549 1316 3611 quo

311 3628 517 3712 triumphalis
538 3628 647 3711 palma
668 3627 852 3690 certaminis
878 3626 965 3690 idem
987 3630 1196 3711 Agonotheta
1217 3629 1316 3695 victo·

311 3731 505 3796 riosissimus
526 3738 559 3794 et
579 3730 709 3812 Martyr
726 3729 947 3793 mirificandus
967 3751 1006 3793 ex
1025 3733 1192 3815 praesentis
1207 3734 1317 3798 saeculi

312 3835 466 3899 conflictu
479 3832 719 3897 indomabiliter
732 3853 790 3916 pro
805 3840 925 3898 sanctae
936 3833 1102 3898 Trinitatis
1117 3835 1316 3900 confessione

311 3937 542 4021 belligerando,
563 3944 660 4020 atque
680 3936 940 4020 persequentium
961 3937 1192 4021 triumphando
1209 3938 1315 4002 imita-

311 4041 427 4117 tiones,
443 4046 476 4102 et
491 4038 648 4102 atrocium
664 4059 833 4123 poenarum
851 4038 1043 4122 agitationes
1057 4039 1151 4103 laetus
1165 4039 1315 4102 transmi-

313 4142 428 4226 gravit,
441 4143 627 4224 Regemque
642 4141 714 4206 coeli
730 4141 818 4219 adiit,
834 4142 975 4206 emeritae
991 4142 1158 4224 dignitatis
1173 4142 1316 4205 lauream

313 4247 349 4308 in
370 4244 569 4309 confessione
590 4246 773 4328 Martymm
789 4245 1067 4323 inthronizandus,
1083 4245 1238 4329 parilique
1258 4246 1315 4309 ho-

314 4370 395 4412 nore
417 4347 655 4431 glorificandus,
672 4356 769 4431 atque
791 4368 904 4412 eorum
927 4348 1139 4412 contubernio
1158 4347 1315 4411 fruiturus

313 4453 349 4514 in
360 4451 562 4515 beatitudine
577 4451 662 4534 pacis
678 4458 818 4515 aetemae.
852 4449 961 4534 Hujus
977 4451 1115 4533 denique
1129 4457 1196 4515 tam
1213 4452 1314 4515 excel-

314 4554 501 4618 lentissimae
521 4554 700 4618 sanctitatis
721 4555 841 4617 Christi
862 4555 990 4619 athletae
1009 4575 1201 4639 magnarum
1216 4555 1315 4618 virtu-
