<?xml version="1.0" encoding="UTF-8"?>
<!DOCTYPE html PUBLIC "-//W3C//DTD XHTML 1.0 Transitional//EN"
    "http://www.w3.org/TR/xhtml1/DTD/xhtml1-transitional.dtd">
<html xmlns="http://www.w3.org/1999/xhtml" xml:lang="en" lang="en">
 <head>
  <title>
</title>
<meta http-equiv="Content-Type" content="text/html;charset=utf-8" />
  <meta name='ocr-system' content='tesseract 3.04.00' />
  <meta name='ocr-capabilities' content='ocr_page ocr_carea ocr_par ocr_line ocrx_word'/>
</head>
<body>
  <div class='ocr_page' id='page_1' title='image "./operaquaeextant00bonigoog_0024.png"; bbox 0 0 3259 5467; ppageno 0'>
   <div class='ocr_carea' id='block_1_1' title="bbox 593 714 1301 778">
    <p class='ocr_par' dir='ltr' id='par_1_1' title="bbox 593 714 1301 778">
     <span class='ocr_line' id='line_1_1' title="bbox 593 714 1301 778; baseline 0.001 -3"><span class='ocrx_word' id='word_1_1' title='bbox 593 732 632 775; x_wconf 81' lang='lat' dir='ltr'>ar</span> <span class='ocrx_word' id='word_1_2' title='bbox 648 730 823 775; x_wconf 67' lang='lat' dir='ltr'>nourrius</span> <span class='ocrx_word' id='word_1_3' title='bbox 839 730 1009 776; x_wconf 76' lang='lat' dir='ltr'>cononis.</span> <span class='ocrx_word' id='word_1_4' title='bbox 1261 714 1301 778; x_wconf 82' lang='lat'>17</span> 
     </span>
    </p>
   </div>
   <div class='ocr_carea' id='block_1_2' title="bbox 256 877 1318 3958">
    <p class='ocr_par' dir='ltr' id='par_1_2' title="bbox 276 877 1312 2925">
     <span class='ocr_line' id='line_1_2' title="bbox 344 877 952 964; baseline -0.01 -16"><span class='ocrx_word' id='word_1_5' title='bbox 344 883 414 947; x_wconf 93' lang='grc' dir='ltr'>ΠΙ.</span> <span class='ocrx_word' id='word_1_6' title='bbox 438 883 489 947; x_wconf 87' lang='lat' dir='ltr'>De</span> <span class='ocrx_word' id='word_1_7' title='bbox 504 879 704 964; x_wconf 79' lang='lat' dir='ltr'><strong>spurcalibus</strong></span> <span class='ocrx_word' id='word_1_8' title='bbox 718 878 754 941; x_wconf 92' lang='lat' dir='ltr'>in</span> <span class='ocrx_word' id='word_1_9' title='bbox 768 877 952 942; x_wconf 82' lang='lat' dir='ltr'>Februario.</span> 
     </span>
     <span class='ocr_line' id='line_1_3' title="bbox 276 981 855 1060; baseline -0.014 -9"><span class='ocrx_word' id='word_1_10' title='bbox 276 1017 278 1022; x_wconf 96' lang='lat'>·</span> <span class='ocrx_word' id='word_1_11' title='bbox 345 986 407 1050; x_wconf 89' lang='lat' dir='ltr'><strong>IV.</strong></span> <span class='ocrx_word' id='word_1_12' title='bbox 431 986 482 1048; x_wconf 88' lang='lat' dir='ltr'>De</span> <span class='ocrx_word' id='word_1_13' title='bbox 496 982 623 1060; x_wconf 86' lang='lat' dir='ltr'>casulis,</span> <span class='ocrx_word' id='word_1_14' title='bbox 638 981 746 1058; x_wconf 88' lang='lat' dir='ltr'>idest,</span> <span class='ocrx_word' id='word_1_15' title='bbox 761 981 855 1045; x_wconf 85' lang='lat' dir='ltr'>fanis.</span> 
     </span>
     <span class='ocr_line' id='line_1_4' title="bbox 346 1084 895 1169; baseline -0.011 -17"><span class='ocrx_word' id='word_1_16' title='bbox 346 1090 388 1152; x_wconf 90' lang='lat' dir='ltr'>V.</span> <span class='ocrx_word' id='word_1_17' title='bbox 412 1089 463 1151; x_wconf 88' lang='lat' dir='ltr'>De</span> <span class='ocrx_word' id='word_1_18' title='bbox 478 1085 651 1169; x_wconf 84' lang='lat' dir='ltr'>sacrilegiis</span> <span class='ocrx_word' id='word_1_19' title='bbox 665 1105 722 1168; x_wconf 89' lang='lat' dir='ltr'>per</span> <span class='ocrx_word' id='word_1_20' title='bbox 737 1084 895 1148; x_wconf 87' lang='lat' dir='ltr'>ecclesias.</span> 
     </span>
     <span class='ocr_line' id='line_1_5' title="bbox 346 1186 1159 1269; baseline -0.002 -15"><span class='ocrx_word' id='word_1_21' title='bbox 346 1192 407 1255; x_wconf 90' lang='lat' dir='ltr'><strong>VI.</strong></span> <span class='ocrx_word' id='word_1_22' title='bbox 430 1192 481 1256; x_wconf 91' lang='lat' dir='ltr'>De</span> <span class='ocrx_word' id='word_1_23' title='bbox 496 1190 593 1253; x_wconf 84' lang='lat' dir='ltr'>sacris</span> <span class='ocrx_word' id='word_1_24' title='bbox 608 1189 769 1265; x_wconf 87' lang='lat' dir='ltr'>silvarum,</span> <span class='ocrx_word' id='word_1_25' title='bbox 786 1209 857 1269; x_wconf 88' lang='lat' dir='ltr'>quae</span> <span class='ocrx_word' id='word_1_26' title='bbox 871 1186 1020 1251; x_wconf 86' lang='lat' dir='ltr'>Nimidas</span> <span class='ocrx_word' id='word_1_27' title='bbox 1034 1194 1159 1252; x_wconf 85' lang='lat' dir='ltr'>vocant.</span> 
     </span>
     <span class='ocr_line' id='line_1_6' title="bbox 348 1290 1045 1374; baseline -0.004 -17"><span class='ocrx_word' id='word_1_28' title='bbox 348 1294 429 1357; x_wconf 92' lang='lat' dir='ltr'><strong>VII.</strong></span> <span class='ocrx_word' id='word_1_29' title='bbox 453 1295 503 1357; x_wconf 93' lang='lat' dir='ltr'>De</span> <span class='ocrx_word' id='word_1_30' title='bbox 517 1292 579 1370; x_wconf 85' lang='lat' dir='ltr'>his,</span> <span class='ocrx_word' id='word_1_31' title='bbox 596 1313 666 1374; x_wconf 89' lang='lat' dir='ltr'>quae</span> <span class='ocrx_word' id='word_1_32' title='bbox 680 1290 804 1353; x_wconf 86' lang='lat' dir='ltr'>faciunt</span> <span class='ocrx_word' id='word_1_33' title='bbox 820 1311 915 1374; x_wconf 87' lang='lat' dir='ltr'>super</span> <span class='ocrx_word' id='word_1_34' title='bbox 929 1296 1045 1373; x_wconf 89' lang='lat' dir='ltr'>petras.</span> 
     </span>
     <span class='ocr_line' id='line_1_7' title="bbox 347 1393 985 1460; baseline -0.006 0"><span class='ocrx_word' id='word_1_35' title='bbox 347 1397 450 1460; x_wconf 89' lang='lat' dir='ltr'><strong>VIII.</strong></span> <span class='ocrx_word' id='word_1_36' title='bbox 473 1397 523 1460; x_wconf 90' lang='lat' dir='ltr'>De</span> <span class='ocrx_word' id='word_1_37' title='bbox 539 1395 635 1459; x_wconf 86' lang='lat' dir='ltr'>sacris</span> <span class='ocrx_word' id='word_1_38' title='bbox 651 1393 807 1457; x_wconf 86' lang='lat' dir='ltr'>Mercurii</span> <span class='ocrx_word' id='word_1_39' title='bbox 822 1393 872 1456; x_wconf 83' lang='lat' dir='ltr'>vel</span> <span class='ocrx_word' id='word_1_40' title='bbox 887 1395 907 1456; x_wconf 87' lang='lat' dir='ltr'><strong>J</strong></span> <span class='ocrx_word' id='word_1_41' title='bbox 910 1393 985 1457; x_wconf 88' lang='lat' dir='ltr'>ovis.</span> 
     </span>
     <span class='ocr_line' id='line_1_8' title="bbox 349 1497 1136 1580; baseline -0.005 -15"><span class='ocrx_word' id='word_1_42' title='bbox 349 1501 411 1565; x_wconf 94' lang='lat' dir='ltr'>IX.</span> <span class='ocrx_word' id='word_1_43' title='bbox 434 1501 485 1564; x_wconf 90' lang='lat' dir='ltr'>De</span> <span class='ocrx_word' id='word_1_44' title='bbox 500 1498 663 1574; x_wconf 87' lang='lat' dir='ltr'>sacrificio,</span> <span class='ocrx_word' id='word_1_45' title='bbox 680 1497 766 1580; x_wconf 91' lang='lat' dir='ltr'>quod</span> <span class='ocrx_word' id='word_1_46' title='bbox 779 1498 817 1560; x_wconf 92' lang='lat' dir='ltr'>fit</span> <span class='ocrx_word' id='word_1_47' title='bbox 833 1497 928 1561; x_wconf 89' lang='lat' dir='ltr'>alicui</span> <span class='ocrx_word' id='word_1_48' title='bbox 943 1503 1136 1561; x_wconf 86' lang='lat' dir='ltr'>sanctorum.</span> 
     </span>
     <span class='ocr_line' id='line_1_9' title="bbox 349 1600 904 1687; baseline -0.007 -20"><span class='ocrx_word' id='word_1_49' title='bbox 349 1605 392 1667; x_wconf 90' lang='lat' dir='ltr'>X.</span> <span class='ocrx_word' id='word_1_50' title='bbox 416 1605 466 1667; x_wconf 89' lang='lat' dir='ltr'>De</span> <span class='ocrx_word' id='word_1_51' title='bbox 480 1601 685 1687; x_wconf 81' lang='lat' dir='ltr'>phylacteriis</span> <span class='ocrx_word' id='word_1_52' title='bbox 700 1608 733 1664; x_wconf 87' lang='lat' dir='ltr'>et</span> <span class='ocrx_word' id='word_1_53' title='bbox 747 1600 904 1682; x_wconf 84' lang='lat' dir='ltr'>ligaturis.</span> 
     </span>
     <span class='ocr_line' id='line_1_10' title="bbox 351 1703 895 1771; baseline -0.009 0"><span class='ocrx_word' id='word_1_54' title='bbox 351 1707 412 1771; x_wconf 90' lang='lat' dir='ltr'>XI.</span> <span class='ocrx_word' id='word_1_55' title='bbox 436 1707 486 1771; x_wconf 89' lang='lat' dir='ltr'>De</span> <span class='ocrx_word' id='word_1_56' title='bbox 500 1705 644 1769; x_wconf 87' lang='lat' dir='ltr'>fontibus</span> <span class='ocrx_word' id='word_1_57' title='bbox 660 1703 895 1768; x_wconf 88' lang='lat' dir='ltr'>sacrificiorum.</span> 
     </span>
     <span class='ocr_line' id='line_1_11' title="bbox 352 1807 807 1874; baseline -0.013 0"><span class='ocrx_word' id='word_1_58' title='bbox 352 1811 432 1874; x_wconf 92' lang='lat' dir='ltr'><strong>XII.</strong></span> <span class='ocrx_word' id='word_1_59' title='bbox 456 1811 507 1874; x_wconf 90' lang='lat' dir='ltr'>De</span> <span class='ocrx_word' id='word_1_60' title='bbox 521 1807 807 1873; x_wconf 81' lang='lat' dir='ltr'>incantationibus.</span> 
     </span>
     <span class='ocr_line' id='line_1_12' title="bbox 315 1910 1309 1995; baseline -0.003 -18"><span class='ocrx_word' id='word_1_61' title='bbox 315 1931 319 1937; x_wconf 81' lang='lat'>·</span> <span class='ocrx_word' id='word_1_62' title='bbox 353 1914 452 1977; x_wconf 88' lang='lat' dir='ltr'><strong>XIII.</strong></span> <span class='ocrx_word' id='word_1_63' title='bbox 476 1914 526 1978; x_wconf 89' lang='lat' dir='ltr'>De</span> <span class='ocrx_word' id='word_1_64' title='bbox 542 1912 694 1995; x_wconf 82' lang='lat' dir='ltr'>auguriis,</span> <span class='ocrx_word' id='word_1_65' title='bbox 708 1911 759 1974; x_wconf 89' lang='lat' dir='ltr'>vel</span> <span class='ocrx_word' id='word_1_66' title='bbox 775 1911 890 1990; x_wconf 85' lang='lat' dir='ltr'>avium,</span> <span class='ocrx_word' id='word_1_67' title='bbox 902 1910 953 1974; x_wconf 86' lang='lat' dir='ltr'>vel</span> <span class='ocrx_word' id='word_1_68' title='bbox 967 1930 1131 1993; x_wconf 88' lang='lat' dir='ltr'>equorum,</span> <span class='ocrx_word' id='word_1_69' title='bbox 1146 1911 1196 1974; x_wconf 87' lang='lat' dir='ltr'>vel</span> <span class='ocrx_word' id='word_1_70' title='bbox 1209 1911 1309 1975; x_wconf 91' lang='lat' dir='ltr'>boum</span> 
     </span>
     <span class='ocr_line' id='line_1_13' title="bbox 310 2013 891 2094; baseline -0.01 -12"><span class='ocrx_word' id='word_1_71' title='bbox 310 2017 513 2094; x_wconf 86' lang='lat' dir='ltr'>stercoribus,</span> <span class='ocrx_word' id='word_1_72' title='bbox 527 2015 579 2078; x_wconf 89' lang='lat' dir='ltr'>vel</span> <span class='ocrx_word' id='word_1_73' title='bbox 593 2013 891 2078; x_wconf 89' lang='lat' dir='ltr'>sternutationibus.</span> 
     </span>
     <span class='ocr_line' id='line_1_14' title="bbox 354 2116 885 2200; baseline -0.011 -15"><span class='ocrx_word' id='word_1_74' title='bbox 354 2121 448 2185; x_wconf 88' lang='lat' dir='ltr'><strong>XIV.</strong></span> <span class='ocrx_word' id='word_1_75' title='bbox 471 2121 523 2183; x_wconf 89' lang='lat' dir='ltr'>De</span> <span class='ocrx_word' id='word_1_76' title='bbox 539 2117 654 2182; x_wconf 89' lang='lat' dir='ltr'>divinis</span> <span class='ocrx_word' id='word_1_77' title='bbox 669 2125 702 2181; x_wconf 87' lang='lat' dir='ltr'>et</span> <span class='ocrx_word' id='word_1_78' title='bbox 717 2116 885 2200; x_wconf 82' lang='lat' dir='ltr'>sortilegis.</span> 
     </span>
     <span class='ocr_line' id='line_1_15' title="bbox 354 2220 1180 2306; baseline -0.005 -18"><span class='ocrx_word' id='word_1_79' title='bbox 354 2224 429 2288; x_wconf 89' lang='lat' dir='ltr'>XV.</span> <span class='ocrx_word' id='word_1_80' title='bbox 452 2223 503 2287; x_wconf 92' lang='lat' dir='ltr'>De</span> <span class='ocrx_word' id='word_1_81' title='bbox 517 2222 594 2306; x_wconf 86' lang='lat' dir='ltr'>igne</span> <span class='ocrx_word' id='word_1_82' title='bbox 608 2221 732 2300; x_wconf 87' lang='lat' dir='ltr'>fricato,</span> <span class='ocrx_word' id='word_1_83' title='bbox 749 2221 788 2284; x_wconf 90' lang='lat' dir='ltr'>de</span> <span class='ocrx_word' id='word_1_84' title='bbox 803 2221 902 2304; x_wconf 81' lang='lat' dir='ltr'>ligno,</span> <span class='ocrx_word' id='word_1_85' title='bbox 917 2220 952 2285; x_wconf 91' lang='lat' dir='ltr'>id</span> <span class='ocrx_word' id='word_1_86' title='bbox 967 2228 1026 2300; x_wconf 87' lang='lat' dir='ltr'>est,</span> <span class='ocrx_word' id='word_1_87' title='bbox 1042 2221 1180 2306; x_wconf 85' lang='lat' dir='ltr'>Nodfyr.</span> 
     </span>
     <span class='ocr_line' id='line_1_16' title="bbox 355 2324 879 2392; baseline -0.01 0"><span class='ocrx_word' id='word_1_88' title='bbox 355 2328 449 2392; x_wconf 90' lang='lat' dir='ltr'><strong>XVI.</strong></span> <span class='ocrx_word' id='word_1_89' title='bbox 472 2327 523 2390; x_wconf 89' lang='lat' dir='ltr'>De</span> <span class='ocrx_word' id='word_1_90' title='bbox 538 2324 667 2389; x_wconf 89' lang='lat' dir='ltr'>cerebro</span> <span class='ocrx_word' id='word_1_91' title='bbox 683 2324 879 2388; x_wconf 88' lang='lat' dir='ltr'>animalium.</span> 
     </span>
     <span class='ocr_line' id='line_1_17' title="bbox 355 2428 1312 2512; baseline -0.002 -18"><span class='ocrx_word' id='word_1_92' title='bbox 355 2430 468 2495; x_wconf 92' lang='lat' dir='ltr'><strong>XVII.</strong></span> <span class='ocrx_word' id='word_1_93' title='bbox 491 2430 543 2494; x_wconf 89' lang='lat' dir='ltr'>De</span> <span class='ocrx_word' id='word_1_94' title='bbox 568 2428 788 2493; x_wconf 87' lang='lat' dir='ltr'>observatione</span> <span class='ocrx_word' id='word_1_95' title='bbox 813 2449 948 2512; x_wconf 84' lang='lat' dir='ltr'>pagana,</span> <span class='ocrx_word' id='word_1_96' title='bbox 973 2430 1024 2493; x_wconf 90' lang='lat' dir='ltr'>vel</span> <span class='ocrx_word' id='word_1_97' title='bbox 1048 2430 1084 2493; x_wconf 93' lang='lat' dir='ltr'>in</span> <span class='ocrx_word' id='word_1_98' title='bbox 1108 2429 1312 2494; x_wconf 86' lang='lat' dir='ltr'>inchoatione</span> 
     </span>
     <span class='ocr_line' id='line_1_18' title="bbox 311 2535 519 2618; baseline -0.024 -17"><span class='ocrx_word' id='word_1_99' title='bbox 311 2537 360 2601; x_wconf 87' lang='lat' dir='ltr'>rei</span> <span class='ocrx_word' id='word_1_100' title='bbox 375 2535 519 2618; x_wconf 85' lang='lat' dir='ltr'>alicujus.</span> 
     </span>
     <span class='ocr_line' id='line_1_19' title="bbox 357 2635 1226 2720; baseline 0.001 -19"><span class='ocrx_word' id='word_1_101' title='bbox 357 2638 489 2702; x_wconf 93' lang='lat' dir='ltr'><strong>XVIII.</strong></span> <span class='ocrx_word' id='word_1_102' title='bbox 513 2637 563 2700; x_wconf 89' lang='lat' dir='ltr'>De</span> <span class='ocrx_word' id='word_1_103' title='bbox 577 2636 708 2700; x_wconf 88' lang='lat' dir='ltr'>incertis</span> <span class='ocrx_word' id='word_1_104' title='bbox 722 2635 800 2699; x_wconf 87' lang='lat' dir='ltr'>locis</span> <span class='ocrx_word' id='word_1_105' title='bbox 815 2656 887 2718; x_wconf 85' lang='lat' dir='ltr'>quae</span> <span class='ocrx_word' id='word_1_106' title='bbox 901 2636 1011 2700; x_wconf 92' lang='lat' dir='ltr'>colunt</span> <span class='ocrx_word' id='word_1_107' title='bbox 1025 2659 1083 2720; x_wconf 92' lang='lat' dir='ltr'>pro</span> <span class='ocrx_word' id='word_1_108' title='bbox 1096 2639 1226 2702; x_wconf 89' lang='lat' dir='ltr'>sanctis.</span> 
     </span>
     <span class='ocr_line' id='line_1_20' title="bbox 357 2738 1271 2824; baseline -0.001 -19"><span class='ocrx_word' id='word_1_109' title='bbox 357 2742 449 2805; x_wconf 90' lang='lat' dir='ltr'><strong>XIX.</strong></span> <span class='ocrx_word' id='word_1_110' title='bbox 474 2741 525 2804; x_wconf 88' lang='lat' dir='ltr'>De</span> <span class='ocrx_word' id='word_1_111' title='bbox 539 2740 677 2824; x_wconf 91' lang='lat' dir='ltr'>petendo</span> <span class='ocrx_word' id='word_1_112' title='bbox 693 2739 779 2822; x_wconf 90' lang='lat' dir='ltr'>quod</span> <span class='ocrx_word' id='word_1_113' title='bbox 791 2738 870 2802; x_wconf 90' lang='lat' dir='ltr'>boni</span> <span class='ocrx_word' id='word_1_114' title='bbox 884 2749 998 2803; x_wconf 86' lang='lat' dir='ltr'>vocant</span> <span class='ocrx_word' id='word_1_115' title='bbox 1014 2748 1132 2805; x_wconf 84' lang='lat' dir='ltr'>sanctae</span> <span class='ocrx_word' id='word_1_116' title='bbox 1147 2742 1271 2806; x_wconf 87' lang='lat' dir='ltr'>Mariae.</span> 
     </span>
     <span class='ocr_line' id='line_1_21' title="bbox 357 2841 1169 2925; baseline 0 -18"><span class='ocrx_word' id='word_1_117' title='bbox 357 2845 432 2908; x_wconf 92' lang='lat' dir='ltr'>XX.</span> <span class='ocrx_word' id='word_1_118' title='bbox 455 2843 506 2906; x_wconf 94' lang='lat' dir='ltr'>De</span> <span class='ocrx_word' id='word_1_119' title='bbox 520 2843 607 2906; x_wconf 86' lang='lat' dir='ltr'>feriis</span> <span class='ocrx_word' id='word_1_120' title='bbox 623 2864 694 2925; x_wconf 88' lang='lat' dir='ltr'>quae</span> <span class='ocrx_word' id='word_1_121' title='bbox 708 2841 832 2905; x_wconf 83' lang='lat' dir='ltr'>faciunt</span> <span class='ocrx_word' id='word_1_122' title='bbox 847 2843 867 2904; x_wconf 86' lang='lat' dir='ltr'><strong>J</strong></span> <span class='ocrx_word' id='word_1_123' title='bbox 870 2841 919 2905; x_wconf 91' lang='lat' dir='ltr'>ovi</span> <span class='ocrx_word' id='word_1_124' title='bbox 934 2843 984 2906; x_wconf 91' lang='lat' dir='ltr'>vel</span> <span class='ocrx_word' id='word_1_125' title='bbox 998 2844 1169 2907; x_wconf 83' lang='lat' dir='ltr'>Mercurio.</span> 
     </span>
    </p>

    <p class='ocr_par' dir='ltr' id='par_1_3' title="bbox 256 2944 1250 3215">
     <span class='ocr_line' id='line_1_22' title="bbox 256 2944 1250 3028; baseline 0.001 -18"><span class='ocrx_word' id='word_1_126' title='bbox 256 2980 260 2987; x_wconf 93' lang='lat'><strong>·</strong></span> <span class='ocrx_word' id='word_1_127' title='bbox 358 2947 450 3011; x_wconf 92' lang='lat' dir='ltr'><strong>XXI.</strong></span> <span class='ocrx_word' id='word_1_128' title='bbox 474 2947 525 3010; x_wconf 91' lang='lat' dir='ltr'>De</span> <span class='ocrx_word' id='word_1_129' title='bbox 539 2946 625 3009; x_wconf 89' lang='lat' dir='ltr'>lunae</span> <span class='ocrx_word' id='word_1_130' title='bbox 641 2944 830 3023; x_wconf 87' lang='lat' dir='ltr'>defectione,</span> <span class='ocrx_word' id='word_1_131' title='bbox 847 2946 932 3028; x_wconf 91' lang='lat' dir='ltr'>quod</span> <span class='ocrx_word' id='word_1_132' title='bbox 947 2946 1058 3010; x_wconf 90' lang='lat' dir='ltr'>dicunt</span> <span class='ocrx_word' id='word_1_133' title='bbox 1073 2948 1250 3011; x_wconf 86' lang='lat' dir='ltr'>vinceluna.</span> 
     </span>
     <span class='ocr_line' id='line_1_23' title="bbox 360 3046 1235 3130; baseline 0.001 -18"><span class='ocrx_word' id='word_1_134' title='bbox 360 3049 472 3112; x_wconf 91' lang='lat' dir='ltr'><strong>XXII.</strong></span> <span class='ocrx_word' id='word_1_135' title='bbox 496 3049 546 3111; x_wconf 91' lang='lat' dir='ltr'>De</span> <span class='ocrx_word' id='word_1_136' title='bbox 561 3046 815 3130; x_wconf 86' lang='lat' dir='ltr'>tempestatibus,</span> <span class='ocrx_word' id='word_1_137' title='bbox 832 3055 864 3110; x_wconf 89' lang='lat' dir='ltr'>et</span> <span class='ocrx_word' id='word_1_138' title='bbox 878 3049 1028 3112; x_wconf 90' lang='lat' dir='ltr'>cornibus</span> <span class='ocrx_word' id='word_1_139' title='bbox 1043 3056 1075 3112; x_wconf 88' lang='lat' dir='ltr'>et</span> <span class='ocrx_word' id='word_1_140' title='bbox 1090 3051 1235 3114; x_wconf 83' lang='lat' dir='ltr'>cochleis.</span> 
     </span>
     <span class='ocr_line' id='line_1_24' title="bbox 360 3149 891 3215; baseline -0.004 0"><span class='ocrx_word' id='word_1_141' title='bbox 360 3151 493 3215; x_wconf 94' lang='lat' dir='ltr'><strong>XXIII.</strong></span> <span class='ocrx_word' id='word_1_142' title='bbox 516 3151 567 3213; x_wconf 89' lang='lat' dir='ltr'>De</span> <span class='ocrx_word' id='word_1_143' title='bbox 583 3149 680 3213; x_wconf 88' lang='lat' dir='ltr'>sulcis</span> <span class='ocrx_word' id='word_1_144' title='bbox 695 3150 779 3213; x_wconf 85' lang='lat' dir='ltr'>circa</span> <span class='ocrx_word' id='word_1_145' title='bbox 792 3149 891 3213; x_wconf 86' lang='lat' dir='ltr'>villas.</span> 
     </span>
    </p>

    <p class='ocr_par' dir='ltr' id='par_1_4' title="bbox 318 3245 1317 3439">
     <span class='ocr_line' id='line_1_25' title="bbox 361 3245 1317 3336; baseline 0.002 -20"><span class='ocrx_word' id='word_1_146' title='bbox 361 3253 488 3316; x_wconf 92' lang='lat' dir='ltr'><strong>XXIV.</strong></span> <span class='ocrx_word' id='word_1_147' title='bbox 513 3253 563 3315; x_wconf 89' lang='lat' dir='ltr'>De</span> <span class='ocrx_word' id='word_1_148' title='bbox 577 3273 703 3335; x_wconf 84' lang='lat' dir='ltr'>pagano</span> <span class='ocrx_word' id='word_1_149' title='bbox 718 3274 824 3331; x_wconf 89' lang='lat' dir='ltr'>cursu,</span> <span class='ocrx_word' id='word_1_150' title='bbox 841 3274 935 3336; x_wconf 91' lang='lat' dir='ltr'>quem</span> <span class='ocrx_word' id='word_1_151' title='bbox 951 3254 1043 3316; x_wconf 88' lang='lat' dir='ltr'>Yrias</span> <span class='ocrx_word' id='word_1_152' title='bbox 1058 3255 1227 3318; x_wconf 89' lang='lat' dir='ltr'>nominant</span> <span class='ocrx_word' id='word_1_153' title='bbox 1242 3245 1317 3319; x_wconf 86' lang='lat' dir='ltr'>scis·</span> 
     </span>
     <span class='ocr_line' id='line_1_26' title="bbox 318 3355 694 3439; baseline -0.011 -19"><span class='ocrx_word' id='word_1_154' title='bbox 318 3357 362 3420; x_wconf 88' lang='lat' dir='ltr'>sis</span> <span class='ocrx_word' id='word_1_155' title='bbox 376 3355 492 3439; x_wconf 88' lang='lat' dir='ltr'>pannis</span> <span class='ocrx_word' id='word_1_156' title='bbox 506 3355 558 3417; x_wconf 84' lang='lat' dir='ltr'>vel</span> <span class='ocrx_word' id='word_1_157' title='bbox 572 3355 694 3418; x_wconf 88' lang='lat' dir='ltr'>calceis.</span> 
     </span>
    </p>

    <p class='ocr_par' dir='ltr' id='par_1_5' title="bbox 313 3457 1318 3552">
     <span class='ocr_line' id='line_1_27' title="bbox 313 3457 1318 3552; baseline 0.005 -32"><span class='ocrx_word' id='word_1_158' title='bbox 313 3544 317 3552; x_wconf 93' lang='lat'><strong>.</strong></span> <span class='ocrx_word' id='word_1_159' title='bbox 363 3459 469 3521; x_wconf 95' lang='lat' dir='ltr'><strong>XXV.</strong></span> <span class='ocrx_word' id='word_1_160' title='bbox 493 3458 544 3521; x_wconf 88' lang='lat' dir='ltr'>De</span> <span class='ocrx_word' id='word_1_161' title='bbox 574 3479 611 3521; x_wconf 89' lang='lat' dir='ltr'>eo</span> <span class='ocrx_word' id='word_1_162' title='bbox 641 3457 727 3540; x_wconf 92' lang='lat' dir='ltr'>quod</span> <span class='ocrx_word' id='word_1_163' title='bbox 756 3457 817 3520; x_wconf 89' lang='lat' dir='ltr'>sibi</span> <span class='ocrx_word' id='word_1_164' title='bbox 847 3466 973 3522; x_wconf 86' lang='lat' dir='ltr'>sanctos</span> <span class='ocrx_word' id='word_1_165' title='bbox 1002 3462 1131 3542; x_wconf 83' lang='lat' dir='ltr'>fingunt</span> <span class='ocrx_word' id='word_1_166' title='bbox 1161 3461 1318 3544; x_wconf 85' lang='lat' dir='ltr'>quoslibet</span> 
     </span>
    </p>

    <p class='ocr_par' dir='ltr' id='par_1_6' title="bbox 319 3569 475 3625">
     <span class='ocr_line' id='line_1_28' title="bbox 319 3569 475 3625; baseline -0.013 0"><span class='ocrx_word' id='word_1_167' title='bbox 319 3569 475 3625; x_wconf 88' lang='lat' dir='ltr'>mortuos.</span> 
     </span>
    </p>

    <p class='ocr_par' dir='ltr' id='par_1_7' title="bbox 364 3663 1267 3958">
     <span class='ocr_line' id='line_1_29' title="bbox 364 3663 1117 3748; baseline 0.007 -23"><span class='ocrx_word' id='word_1_168' title='bbox 364 3663 491 3726; x_wconf 87' lang='lat' dir='ltr'><strong>XXVI.</strong></span> <span class='ocrx_word' id='word_1_169' title='bbox 515 3663 566 3725; x_wconf 88' lang='lat' dir='ltr'>De</span> <span class='ocrx_word' id='word_1_170' title='bbox 581 3663 751 3727; x_wconf 86' lang='lat' dir='ltr'>simulacro</span> <span class='ocrx_word' id='word_1_171' title='bbox 766 3663 805 3727; x_wconf 90' lang='lat' dir='ltr'>de</span> <span class='ocrx_word' id='word_1_172' title='bbox 821 3686 991 3748; x_wconf 85' lang='lat' dir='ltr'>consparsa</span> <span class='ocrx_word' id='word_1_173' title='bbox 1004 3666 1117 3730; x_wconf 86' lang='lat' dir='ltr'>farina.</span> 
     </span>
     <span class='ocr_line' id='line_1_30' title="bbox 364 3767 1078 3851; baseline 0.007 -22"><span class='ocrx_word' id='word_1_174' title='bbox 364 3767 510 3830; x_wconf 89' lang='lat' dir='ltr'><strong>XXVII.</strong></span> <span class='ocrx_word' id='word_1_175' title='bbox 534 3768 584 3830; x_wconf 92' lang='lat' dir='ltr'>De</span> <span class='ocrx_word' id='word_1_176' title='bbox 600 3767 777 3830; x_wconf 87' lang='lat' dir='ltr'>simulacris</span> <span class='ocrx_word' id='word_1_177' title='bbox 793 3767 833 3830; x_wconf 90' lang='lat' dir='ltr'>de</span> <span class='ocrx_word' id='word_1_178' title='bbox 847 3769 962 3851; x_wconf 86' lang='lat' dir='ltr'>pannis</span> <span class='ocrx_word' id='word_1_179' title='bbox 977 3769 1078 3834; x_wconf 83' lang='lat' dir='ltr'>factis</span> 
     </span>
     <span class='ocr_line' id='line_1_31' title="bbox 366 3872 1267 3958; baseline 0.006 -24"><span class='ocrx_word' id='word_1_180' title='bbox 366 3872 531 3935; x_wconf 91' lang='lat' dir='ltr'><strong>XXVIII.</strong></span> <span class='ocrx_word' id='word_1_181' title='bbox 554 3873 604 3935; x_wconf 92' lang='lat' dir='ltr'>De</span> <span class='ocrx_word' id='word_1_182' title='bbox 620 3872 798 3949; x_wconf 88' lang='lat' dir='ltr'>simulacro,</span> <span class='ocrx_word' id='word_1_183' title='bbox 815 3872 900 3955; x_wconf 91' lang='lat' dir='ltr'>quod</span> <span class='ocrx_word' id='word_1_184' title='bbox 914 3895 971 3956; x_wconf 91' lang='lat' dir='ltr'>per</span> <span class='ocrx_word' id='word_1_185' title='bbox 986 3894 1112 3958; x_wconf 86' lang='lat' dir='ltr'>campos</span> <span class='ocrx_word' id='word_1_186' title='bbox 1127 3883 1267 3958; x_wconf 88' lang='lat' dir='ltr'>portant.</span> 
     </span>
    </p>
   </div>
   <div class='ocr_carea' id='block_1_3' title="bbox 323 3975 1323 4267">
    <p class='ocr_par' dir='ltr' id='par_1_8' title="bbox 323 3975 1323 4267">
     <span class='ocr_line' id='line_1_32' title="bbox 366 3975 1284 4061; baseline 0.004 -24"><span class='ocrx_word' id='word_1_187' title='bbox 366 3975 492 4038; x_wconf 90' lang='lat' dir='ltr'><strong>XXIX.</strong></span> <span class='ocrx_word' id='word_1_188' title='bbox 516 3976 566 4039; x_wconf 89' lang='lat' dir='ltr'>De</span> <span class='ocrx_word' id='word_1_189' title='bbox 581 3975 696 4058; x_wconf 84' lang='lat' dir='ltr'>ligneis</span> <span class='ocrx_word' id='word_1_190' title='bbox 710 3975 845 4059; x_wconf 88' lang='lat' dir='ltr'>pedibus</span> <span class='ocrx_word' id='word_1_191' title='bbox 860 3983 892 4038; x_wconf 91' lang='lat' dir='ltr'>et</span> <span class='ocrx_word' id='word_1_192' title='bbox 907 3977 1055 4040; x_wconf 87' lang='lat' dir='ltr'>manibus</span> <span class='ocrx_word' id='word_1_193' title='bbox 1069 4000 1194 4061; x_wconf 84' lang='lat' dir='ltr'>pagano</span> <span class='ocrx_word' id='word_1_194' title='bbox 1208 3980 1284 4041; x_wconf 91' lang='lat' dir='ltr'>ritu.</span> 
     </span>
     <span class='ocr_line' id='line_1_33' title="bbox 367 4077 1320 4161; baseline 0.004 -21"><span class='ocrx_word' id='word_1_195' title='bbox 367 4078 472 4140; x_wconf 92' lang='lat' dir='ltr'><strong>XXX.</strong></span> <span class='ocrx_word' id='word_1_196' title='bbox 496 4078 547 4141; x_wconf 90' lang='lat' dir='ltr'>De</span> <span class='ocrx_word' id='word_1_197' title='bbox 562 4099 599 4142; x_wconf 93' lang='lat' dir='ltr'>eo</span> <span class='ocrx_word' id='word_1_198' title='bbox 615 4077 701 4160; x_wconf 92' lang='lat' dir='ltr'>quod</span> <span class='ocrx_word' id='word_1_199' title='bbox 715 4077 852 4141; x_wconf 87' lang='lat' dir='ltr'>credunt</span> <span class='ocrx_word' id='word_1_200' title='bbox 868 4079 942 4161; x_wconf 89' lang='lat' dir='ltr'>quia</span> <span class='ocrx_word' id='word_1_201' title='bbox 954 4079 1095 4142; x_wconf 86' lang='lat' dir='ltr'>foeminae</span> <span class='ocrx_word' id='word_1_202' title='bbox 1110 4081 1221 4143; x_wconf 88' lang='lat' dir='ltr'>lunam</span> <span class='ocrx_word' id='word_1_203' title='bbox 1236 4102 1320 4144; x_wconf 89' lang='lat' dir='ltr'>com-</span> 
     </span>
     <span class='ocr_line' id='line_1_34' title="bbox 323 4180 1323 4267; baseline 0.007 -24"><span class='ocrx_word' id='word_1_204' title='bbox 323 4180 490 4259; x_wconf 84' lang='lat' dir='ltr'>mendant,</span> <span class='ocrx_word' id='word_1_205' title='bbox 514 4181 600 4264; x_wconf 88' lang='lat' dir='ltr'>quod</span> <span class='ocrx_word' id='word_1_206' title='bbox 624 4180 748 4265; x_wconf 87' lang='lat' dir='ltr'>possint</span> <span class='ocrx_word' id='word_1_207' title='bbox 773 4182 870 4248; x_wconf 85' lang='lat' dir='ltr'>corda</span> <span class='ocrx_word' id='word_1_208' title='bbox 894 4182 1062 4246; x_wconf 85' lang='lat' dir='ltr'>hominurn</span> <span class='ocrx_word' id='word_1_209' title='bbox 1091 4184 1203 4248; x_wconf 90' lang='lat' dir='ltr'>tollere</span> <span class='ocrx_word' id='word_1_210' title='bbox 1229 4186 1323 4267; x_wconf 84' lang='lat' dir='ltr'>juxta</span> 
     </span>
    </p>
   </div>
   <div class='ocr_carea' id='block_1_4' title="bbox 324 4302 477 4368">
    <p class='ocr_par' dir='ltr' id='par_1_9' title="bbox 324 4302 477 4368">
     <span class='ocr_line' id='line_1_35' title="bbox 324 4302 477 4368; baseline 0 -20"><span class='ocrx_word' id='word_1_211' title='bbox 324 4302 477 4368; x_wconf 83' lang='lat' dir='ltr'>paganos.</span> 
     </span>
    </p>
   </div>
   <div class='ocr_carea' id='block_1_5' title="bbox 0 0 1670 5467">
    <p class='ocr_par' dir='ltr' id='par_1_10' title="bbox 0 0 1670 5467">
     <span class='ocr_line' id='line_1_36' title="bbox 0 0 1670 5467; baseline 0 0"><span class='ocrx_word' id='word_1_212' title='bbox 0 0 1670 5467; x_wconf 95' lang='lat' dir='ltr'> </span> 
     </span>
    </p>
   </div>
  </div>
 </body>
</html>
