3259 5467
312 691 355 752 60
583 706 758 749 nonrrncn
781 690 1042 748 nncdrarnscorr

313 851 481 913 Benedicta
497 857 530 913 tu
544 852 578 912 in
592 848 779 911 mutieribus.
796 867 862 929 qun
876 867 945 909 cum
965 846 1110 924 andaset,
1126 844 1258 907 turbata
1272 848 1315 906 ert

313 956 347 1017 in
360 974 497 1016 sermone
511 955 584 1036 ejus,
597 958 627 1015 et
643 951 800 1033 copitabat
815 951 916 1032 quatis
931 956 1008 1013 esset
1021 950 1084 1013 ista
1098 949 1271 1012 salutatio:
1287 954 1315 1010 et

314 1057 361 1118 ait
376 1058 500 1138 angetur
515 1057 565 1118 ei:
589 1056 639 1117 Ne
655 1056 764 1117 timeas
778 1054 899 1131 Maria,
915 1053 1058 1116 invenisti
1074 1052 1217 1135 qratiam
1233 1051 1315 1133 apud

313 1161 432 1222 Deum:
455 1159 538 1221 Ecce
552 1160 703 1240 concipies
713 1164 743 1220 et
751 1158 860 1239 paries
874 1158 908 1218 iu
916 1163 1002 1219 utero
1013 1157 1137 1233 mitam,
1147 1160 1179 1218 et
1192 1155 1314 1218 uocabit

314 1284 422 1325 nomm
443 1264 507 1344 ey‘us
524 1263 637 1325 Jerum.
683 1261 746 1324 Hic
768 1264 828 1324 erit
849 1281 977 1342 mapnuo
999 1280 1103 1323 coram
1125 1260 1270 1335 Domino,
1286 1264 1312 1321 et

307 1365 397 1446 fitius
421 1367 577 1429 Attisoimi
606 1365 776 1442 uocabitur,
801 1370 831 1426 et
864 1364 951 1426 dabit
980 1364 1028 1425 itti
1051 1363 1208 1425 Dominus
1232 1361 1314 1424 Deru

314 1470 415 1531 sedem
432 1469 543 1530 Dauid
559 1468 746 1548 patrissui,
771 1473 801 1530 et
826 1466 967 1548 repnabit
990 1468 1023 1528 in
1047 1466 1135 1528 domo
1158 1464 1257 1528 Jacob
1281 1465 1313 1527 iu

314 1578 468 1649 eternum,
481 1578 511 1634 et
525 1572 612 1653 regni
627 1572 692 1652 ejus
705 1592 765 1633 uon
780 1570 840 1633 erit
847 1570 935 1651 finis.
980 1570 1072 1631 Dicit
1087 1574 1191 1631 nutem
1204 1568 1312 1630 Mario

314 1675 359 1738 ab
371 1676 520 1757 aupetum,
532 1677 679 1756 quamodo
687 1673 746 1754 fiet
760 1675 853 1751 istud,
863 1674 937 1755 quia
951 1674 1052 1736 uirum
1065 1693 1127 1736 non
1141 1673 1312 1754 cognosco?

315 1779 361 1840 Et
374 1779 558 1860 respondens
577 1779 714 1859 Augetur
736 1777 819 1840 dicit
838 1778 888 1840 ci:
914 1778 1193 1858 Spiritus-canctus
1209 1795 1311 1856 auper-

314 1882 413 1943 oeniet
430 1882 463 1943 in
483 1887 521 1958 te,
537 1887 568 1943 et
586 1882 685 1943 uirtus
699 1880 855 1943 ditissimi
875 1879 1066 1943 obumbrabit
1084 1879 1164 1942 tibi:
1188 1879 1311 1960 ideoque

315 1990 345 2047 et
359 1984 442 2065 quod
454 1991 598 2047 nascetur
612 2004 651 2046 eu
666 1990 695 2046 te
709 1990 859 2061 sanctum,
875 1983 1035 2046 uocabitur
1050 1983 1149 2045 ditius
1164 1983 1237 2046 Dei.
1272 1982 1312 2044 Et

314 2087 377 2150 fuit
391 2094 471 2151 tunc
491 2088 556 2151 tale
578 2094 717 2170 tempus,
733 2093 766 2150 et
786 2086 860 2150 talis
880 2108 942 2170 pax
959 2087 995 2149 in
1012 2085 1144 2164 mundo,
1161 2092 1201 2149 ut
1215 2084 1312 2148 totius

314 2190 401 2256 orbis
417 2190 594 2254 dominium
611 2191 650 2254 ad
666 2212 765 2253 unam
779 2190 954 2274 pertineret
970 2190 1141 2265 civitatem,
1152 2210 1227 2272 quae
1238 2188 1311 2252 dici·

315 2300 370 2357 tur
381 2295 498 2357 Roma:
515 2302 547 2357 et
556 2293 642 2356 illius
652 2292 789 2357 civitatis
801 2293 896 2356 simul
908 2301 941 2357 et
950 2293 1049 2357 totius
1059 2292 1145 2356 orbis
1157 2315 1245 2356 unus
1253 2291 1311 2356 fuit

314 2395 488 2479 imperator
511 2404 543 2459 et
564 2403 678 2473 rector,
701 2396 832 2460 nomine
851 2397 1030 2479 Augustus,
1049 2395 1105 2479 qui
1127 2396 1228 2460 etiam
1249 2396 1311 2459 tale

316 2497 484 2561 constituit
499 2498 640 2562 edictum
656 2499 689 2561 in
705 2499 837 2577 mundo,
850 2507 887 2561 ut
896 2499 1001 2562 omnis
1015 2499 1112 2562 homo
1125 2499 1163 2561 in
1177 2499 1312 2582 patriam

317 2622 408 2662 suam
433 2609 589 2684 pergeret,
609 2610 642 2665 et
667 2602 713 2665 ibi
736 2624 870 2665 censum
892 2623 950 2685 pro
971 2603 1075 2686 capite
1097 2623 1156 2666 suo
1180 2603 1312 2667 solveret

316 2703 509 2786 imperatori,
530 2712 562 2768 et
586 2706 690 2768 omnis
710 2727 818 2769 servus
838 2705 992 2788 fugitivus
1014 2705 1055 2768 ad
1078 2727 1174 2768 suum
1195 2706 1312 2770 rediret

315 2805 503 2884 Dominum,
522 2815 555 2870 et
577 2809 667 2891 cujus
689 2809 849 2872 Dominus
871 2830 938 2872 non
959 2808 1168 2886 inveniretur,
1192 2809 1312 2872 occide·

316 2917 416 2987 retur,
431 2931 473 2973 ne
487 2911 633 2974 turbaret
648 2933 769 2996 pacem,
782 2934 879 2995 quam
892 2912 946 2975 ille
962 2912 1076 2975 statuit
1090 2911 1126 2974 in
1140 2918 1213 2977 toto
1227 2911 1311 2989 orbe,

316 3020 349 3075 et
363 3012 424 3076 hoc
438 3013 500 3077 fuit
514 3036 571 3097 per
585 3015 818 3099 providentiam
830 3015 892 3080 Dei
906 3016 1037 3094 factum,
1049 3023 1087 3079 ut
1101 3037 1166 3098 pax
1180 3024 1265 3081 esset
1278 3015 1311 3078 in

315 3121 385 3180 toto
401 3117 477 3180 orbe
493 3118 571 3181 dum
585 3118 639 3181 ille
655 3125 849 3196 nasceretur,
866 3118 921 3202 qui
937 3140 1045 3182 veram
1067 3140 1181 3201 pacem
1200 3119 1310 3202 praedi

315 3226 401 3283 caret
416 3219 610 3296 hominibus,
626 3228 659 3284 et
676 3222 784 3284 ornnia
799 3243 870 3304 quoe
885 3229 961 3284 sunt
976 3222 1011 3285 in
1026 3222 1114 3286 coelr's
1129 3228 1162 3285 et
1178 3221 1215 3285 in
1228 3229 1311 3289 terra

315 3322 505 3404 pacificaret,
521 3330 553 3386 et
569 3331 651 3387 esset
667 3324 838 3388 concordia
854 3324 939 3388 inter
960 3325 1121 3408 angelicas
1139 3324 1311 3407 dignitates

315 3432 348 3487 et
362 3423 538 3488 humanam
553 3434 712 3490 naturam.
759 3425 835 3491 Hoc
853 3428 962 3511 itaque
980 3435 1124 3511 tempore
1143 3434 1214 3491 tam
1227 3428 1310 3512 paci·

316 3527 376 3590 fico
392 3534 424 3589 et
443 3534 511 3591 tam
529 3551 641 3593 serena
659 3531 772 3595 laetitia
792 3532 938 3595 omnium
958 3532 1077 3615 ubique
1100 3532 1260 3614 gentium,
1274 3540 1310 3595 nt

317 3629 498 3710 evangelica
513 3631 624 3712 pandit
644 3631 785 3711 historia,
801 3642 898 3697 natus
921 3642 969 3698 est
989 3635 1024 3697 in
1039 3641 1136 3717 gente
1151 3636 1174 3698 J
1174 3635 1268 3699 udaea
1281 3642 1312 3698 et

317 3730 486 3796 Bethleem
500 3734 627 3798 civitate
642 3735 746 3799 David
761 3737 801 3800 de
817 3737 924 3800 Maria
934 3738 1079 3820 Virgine,
1094 3759 1162 3802 non
1178 3738 1219 3802 de
1232 3737 1312 3801 virili

317 3834 552 3918 conjunctione,
563 3839 618 3901 sed
633 3840 673 3902 de
689 3840 940 3924 Spiritu-sancto
950 3840 1128 3923 inspirante
1144 3846 1177 3905 et
1191 3841 1311 3906 foeoun·

317 3939 414 4001 dante
429 3940 629 4023 Virginalem
643 3951 783 4022 uterum,
799 3952 837 4008 ut
858 3944 1027 4027 integritas
1048 3944 1214 4028 virginalis
1232 3952 1312 4009 esset

316 4042 351 4105 in
365 4051 460 4126 partu
475 4053 507 4108 et
521 4053 593 4128 post
607 4054 746 4130 parturn.

320 4147 322 4150 ’
359 4151 390 4210 2.
413 4148 536 4212 Eadem
552 4172 678 4233 quoque
693 4159 797 4227 nocte,
810 4159 848 4214 ut
862 4151 897 4214 in
913 4151 1078 4235 evangelio
1092 4150 1242 4234 legimus,
1252 4174 1313 4236 qua

316 4256 412 4313 natus
428 4259 476 4315 est
492 4253 580 4316 Deus
596 4255 657 4317 Dei
672 4255 772 4318 Filius
787 4255 822 4317 in
838 4254 1005 4333 mundum,
1021 4260 1111 4318 mant
1121 4261 1269 4339 pastores
1281 4257 1314 4318 in

316 4355 439 4435 cepione
462 4356 577 4434 eudem,
602 4358 763 4438 uigilantes
789 4364 819 4421 et
843 4360 1045 4422 amtodientes
1070 4359 1196 4441 utpium
1217 4360 1314 4423 noctis

314 4477 407 4536 super
430 4479 553 4540 prepem
576 4480 673 4522 euum.
718 4460 763 4523 Et
789 4479 857 4523 ecce
882 4462 1011 4542 cupetur
1035 4462 1164 4524 Domini
1191 4464 1313 4526 adstitit

305 4559 402 4638 juata
431 4562 509 4638 illos,
538 4568 568 4624 et
597 4563 726 4625 claritas
749 4565 818 4626 Dei«
835 4564 1041 4645 circumfulsit
1063 4567 1143 4645 illos,
1171 4573 1202 4630 et
1223 4570 1311 4632 timu-
