3259 5467
616 740 766 792 sacrorn
783 737 1010 791 wrnnraanno.
1254 719 1317 792 1'7'7

313 893 530 979 dispositione,
556 901 704 973 tractare,
729 900 762 958 et
788 893 927 976 qualiter
956 915 1023 958 non
1052 892 1155 957 visum
1185 892 1316 977 quidem

312 1019 429 1060 aurum
454 998 505 1061 vel
533 1002 706 1079 argentum
734 997 822 1060 inter
851 1019 885 1062 se
914 997 1052 1061 invicem
1081 995 1315 1086 dispertiretur,

313 1101 489 1164 consulere.

357 1202 504 1286 Cumque
526 1202 678 1285 prolixius
699 1202 851 1265 detenta
872 1203 1081 1286 pecuniarum
1105 1202 1318 1267 aestimatione

312 1306 614 1384 sermocinarentur,
627 1306 696 1388 jam
712 1305 845 1389 jamque
862 1307 1044 1389 jurgiorum
1060 1306 1248 1389 disceptatio
1263 1327 1317 1369 ex-

311 1416 385 1471 orta
398 1415 458 1486 est,
474 1415 507 1472 et
527 1415 621 1471 tanta
641 1407 799 1471 discordia
818 1408 949 1472 demum
966 1409 1143 1473 inimicitiae
1156 1409 1317 1487 inchoata,

312 1519 350 1574 ut
366 1512 474 1576 furore
493 1511 592 1575 etiam
610 1511 746 1574 vesaniae
765 1512 932 1575 insaniens
951 1512 1049 1577 turba
1067 1513 1102 1575 in
1124 1512 1204 1575 duas
1219 1511 1319 1575 divisa

313 1621 398 1678 esset
420 1614 593 1678 factiones:
617 1621 650 1677 et
673 1613 714 1677 ad
736 1621 918 1677 extremum
940 1637 1030 1678 arma
1052 1614 1169 1698 quibus
1191 1623 1318 1679 sanctos

313 1722 411 1780 antea
430 1717 592 1799 Martyres
609 1717 813 1799 jugularunt,
829 1717 864 1779 in
885 1738 919 1780 se
938 1717 1025 1801 ipsos
1047 1717 1220 1781 crudeliter
1238 1739 1318 1800 pug-

314 1819 424 1882 nando
452 1826 627 1883 verterunt.
687 1819 779 1883 'lunc
813 1819 924 1903 itaque
958 1820 1099 1884 maxima
1126 1820 1319 1885 insanientis

313 1921 419 1986 turbae
433 1928 524 2005 parte
539 1928 709 2004 prostrata,
721 1923 789 2006 jam
805 1923 862 2006 qui
882 1923 1122 2006 supervixerant
1137 1923 1178 1986 ad
1192 1922 1320 1986 lucrum

313 2024 507 2102 animarum,
527 2025 664 2106 vitaeque
685 2023 803 2087 damno
824 2024 989 2107 acquisito,
1005 2023 1188 2108 jacentibus
1208 2023 1318 2088 adver-

314 2127 416 2204 sariis,
442 2127 498 2210 qui
528 2127 590 2190 sibi
619 2147 716 2209 super
745 2126 924 2190 desiderato
954 2125 1139 2209 cupiditatis
1168 2127 1320 2191 thesauro

313 2228 514 2293 obsistebant
530 2230 709 2312 gaudentes
729 2236 959 2294 cucurrerunt:
984 2236 1017 2294 et
1037 2229 1207 2295 confractis
1222 2229 1319 2294 libro·

313 2354 388 2396 rum
403 2333 608 2415 repositoriis,
623 2354 682 2417 pro
697 2354 776 2396 auro
792 2333 966 2412 volumina,
982 2355 1040 2416 pro
1055 2339 1189 2417 argento
1205 2333 1320 2398 divinae

316 2434 458 2499 scientiae
473 2435 600 2499 chartas
615 2443 815 2519 reperenmt.
842 2436 958 2520 Sicque
972 2436 1114 2520 precioso
1125 2436 1196 2500 auri
1207 2458 1320 2521 argen-

314 2537 405 2620 tique
424 2539 530 2622 pretio
548 2538 674 2621 privati,
695 2538 830 2617 codices,
846 2561 925 2622 quos
945 2539 1150 2616 invenerunt,
1166 2540 1244 2605 alios
1264 2561 1322 2625 per

308 2641 420 2723 ‘campi
434 2641 603 2724 planitiem
619 2642 848 2724 disperserunt,
865 2642 943 2706 alios
958 2642 1112 2725 paludum
1127 2643 1321 2708 arundineto

315 2743 501 2823 inferentes,
527 2745 606 2808 alios
632 2744 731 2807 etiam
756 2745 792 2808 in
818 2745 950 2809 diversis
975 2744 1221 2830 quibuscunque
1243 2746 1321 2811 locis

316 2846 550 2911 abscondentes
566 2847 782 2931 projecerunt.
809 2848 874 2912 Sed
888 2856 958 2912 tam
973 2850 1203 2932 omnipotentis
1219 2849 1323 2932 gratia

317 2971 415 3031 quam
426 2950 525 3013 etiam
535 2950 694 3034 precibus,
708 2951 907 3014 &Bonisana
919 2951 1037 3014 summi
1048 2952 1213 3015 Pontificis
1224 2958 1322 3035 atque

316 3052 473 3136 Martyris
488 3052 580 3116 illaesi
595 3059 628 3116 et
641 3053 838 3133 intemerati,
850 3075 970 3137 magno
983 3060 1094 3137 postea
1106 3054 1228 3136 dilapso
1238 3058 1321 3116 tem·

315 3155 402 3237 poris
423 3156 527 3239 spatio
546 3156 671 3221 inventi
691 3163 786 3221 sunt:
810 3162 844 3221 et
864 3155 905 3219 ad
926 3155 1068 3233 domum,
1083 3155 1119 3218 in
1137 3176 1201 3239 qua
1219 3176 1322 3239 usqua

312 3256 412 3321 hodie
437 3258 618 3322 animarum
641 3266 777 3342 prosunt
804 3259 911 3336 saluti,
936 3280 956 3322 a
982 3257 1117 3340 singulis
1143 3256 1322 3341 quibusque

315 3360 538 3425 inventoribus
552 3362 688 3426 remissi.
733 3362 906 3426 Carnifices
922 3367 1032 3425 autem
1047 3380 1142 3444 super
1156 3360 1323 3427 aestimatae

317 3462 488 3526 amissione
517 3465 663 3547 pecuniae
692 3465 884 3543 contristati,
909 3464 1041 3530 domurn
1066 3463 1193 3542 reversi,
1217 3464 1323 3547 majus

313 3565 567 3630 domesticarum
586 3589 696 3632 rerum
716 3574 789 3651 post
808 3568 911 3632 trium
930 3566 1076 3631 inducias
1091 3567 1217 3632 dierum
1233 3567 1323 3631 dam·

316 3693 408 3749 num,
433 3673 490 3736 sed
516 3678 549 3736 et
572 3673 647 3737 vitae
676 3673 881 3757 dispendium
907 3672 1021 3738 mortis
1049 3680 1179 3757 recepta
1201 3672 1322 3738 talione

317 3783 548 3859 perceperunt:
572 3776 649 3859 quia
662 3777 866 3861 omnipotens
880 3776 995 3841 mundi
1010 3777 1158 3841 conditor
1172 3797 1209 3841 ac
1223 3777 1322 3841 refor-

317 3885 422 3942 mator
436 3878 548 3943 ulcisci
562 3900 597 3943 se
610 3880 712 3944 voluit
723 3879 763 3944 de
777 3880 926 3959 inimicis,
938 3887 970 3944 et
985 3881 1094 3943 fusum
1108 3900 1167 3963 pro
1182 3899 1216 3943 se
1231 3899 1322 3942 sanc·

317 3985 427 4044 torum
448 3981 648 4064 sanguinem,
671 3989 834 4047 consuetae
853 3980 1081 4048 misericordiae
1102 3979 1170 4044 nelo
1192 3978 1321 4064 puniri:
1446 4056 1450 4064 ἱ

318 4103 356 4146 ac
371 4083 428 4146 diu
442 4085 634 4167 protelatam
649 4084 808 4148 idolorum
823 4084 1002 4149 cultoribus
1017 4083 1099 4146 iram
1116 4102 1200 4145 novo
1213 4101 1324 4146 recen·
1381 4179 1382 4184 γ

318 4184 361 4248 tis
375 4185 508 4250 malitiae
521 4186 629 4257 fiirore
644 4195 809 4272 permotus
824 4186 953 4270 publice
969 4183 1149 4251 ostendere.
1173 4242 1175 4251 ι
1224 4215 1226 4222 s
