3259 5467
316 652 379 715 128
460 666 636 711 aonrrscn
654 663 915 708 sacmnrrsoorr
933 664 973 707 nr
990 663 1166 706 naariam

315 809 468 874 divinitus
490 807 666 891 diligentia
691 805 919 870 inculcandum
943 805 1151 888 comperiens,
1173 805 1313 888 benigne

314 912 464 995 suscepit,
492 910 646 993 miraeque
680 906 846 972 charitatis
880 906 1047 971 devotione
1080 929 1139 991 per
1173 909 1313 993 quinque

315 1037 417 1093 annos
446 1020 479 1078 et
503 1019 568 1076 tres
591 1032 718 1074 menses
741 1009 886 1088 nutrivit,
913 1009 1014 1073 literis
1039 1010 1186 1088 erudivit,
1211 1018 1246 1076 et
1275 1012 1313 1075 ad

314 1119 479 1202 fastigium
506 1100 640 1179 summae
664 1113 878 1198 perfectionis,
901 1113 997 1197 juata
1021 1114 1213 1196 Angelicam
1243 1137 1312 1199 pro-

314 1223 510 1298 missionem,
519 1218 769 1303 perspicabiliter
781 1217 846 1281 suis
863 1218 933 1282 Deo
948 1217 1054 1301 dignis
1069 1219 1224 1302 exemplis
1239 1239 1313 1283 con·

314 1325 473 1402 formavit,
497 1331 530 1387 et
556 1322 597 1386 ad
620 1323 776 1385 honorem
796 1321 901 1385 sancti
923 1321 1092 1387 sacerdotii
1112 1330 1314 1387 sacrosancto

314 1432 427 1499 ordine
450 1434 671 1493 consecratum
694 1425 887 1504 sublimavit,
911 1425 1003 1510 eique
1025 1426 1168 1490 casulam
1193 1449 1313 1511 purpu-

314 1556 402 1598 ream
418 1553 495 1596 auro
511 1529 709 1614 gemmisque
724 1528 898 1612 composite
916 1535 1131 1612 perornatam,
1148 1535 1182 1593 et
1199 1529 1311 1594 stolam

314 1658 387 1702 cum
406 1635 509 1699 orario
529 1632 664 1717 gemmis
683 1630 919 1714 pretiosissimis
939 1653 1081 1714 auroque
1098 1632 1224 1716 fulgido
1243 1655 1313 1716 per-

312 1746 446 1816 textam,
461 1737 580 1820 inipso
595 1735 647 1799 die
661 1734 872 1800 ordinationis
887 1755 962 1813 suae,
977 1755 1035 1817 pro
1049 1734 1171 1801 foedere
1185 1743 1314 1801 aeternas

314 1841 487 1919 charitatis,
511 1840 584 1923 pius
609 1838 763 1921 magister
789 1837 907 1901 dilecto
935 1859 993 1901 suo
1019 1837 1176 1922 discipulo
1200 1839 1314 1904 devoto

314 1967 422 2011 amore
437 1941 644 2010 contradidit.
1315 2014 1318 2020 q

357 2052 443 2115 Cum
472 2055 581 2115 autem
610 2048 678 2113 haec
707 2048 817 2112 omnia
850 2048 954 2132 gratia
982 2047 1061 2112 almi
1092 2047 1233 2132 Spiritus
1262 2071 1314 2115 co·

313 2160 466 2239 operante
486 2153 584 2235 digne
601 2152 849 2235 complerentur,
866 2152 1012 2216 sacerdos
1030 2152 1093 2217 Dei
1111 2154 1313 2218 venerandus

313 2258 447 2322 Livinus
465 2277 540 2319 cum
562 2255 724 2338 discipulis
747 2255 823 2332 suis,
846 2254 1070 2320 benedictione
1095 2256 1142 2339 pii
1165 2257 1314 2342 magistri

313 2367 461 2443 suscepta
479 2359 567 2422 beati
588 2359 734 2422 videlicet
756 2359 934 2440 Augustini
956 2359 1107 2423 Praesulis
1124 2359 1243 2434 eximii,
1259 2383 1312 2426 su·

313 2485 414 2547 perna
428 2462 603 2526 comitante
623 2461 794 2525 clementia
812 2461 848 2525 in
868 2462 1004 2545 patriam
1026 2484 1118 2526 suam
1136 2464 1311 2547 repedavit.

314 2567 355 2630 In
372 2568 441 2650 ejus
457 2586 583 2649 quoque
598 2565 739 2629 adventu
753 2566 907 2650 Princeps
926 2566 1019 2649 regni
1037 2554 1184 2650 civesque
1202 2569 1314 2651 patriae

313 2692 434 2752 magna
452 2669 654 2752 jocunditate
676 2670 776 2751 gavisi
798 2677 885 2735 sunt.
931 2669 1070 2734 Interim
1089 2671 1226 2755 contigit
1242 2674 1313 2737 Me·

312 2773 465 2837 nalchum
479 2772 749 2854 Archipraesulem
764 2793 956 2855 germanum
971 2772 1101 2856 gloriosi
1115 2774 1217 2839 Ducis
1231 2776 1314 2839 'Phe-

313 2877 411 2960 agnii,
441 2875 539 2959 patris
568 2875 656 2939 beati
687 2875 869 2941 Sacerdotis
898 2876 1019 2941 Christi
1049 2877 1156 2941 Livini
1182 2878 1223 2942 de
1253 2879 1313 2942 hoc

312 2980 435 3044 mundo
449 2979 584 3043 feliciter
598 2978 761 3060 migrasse,
777 2978 817 3042 de
840 2980 931 3062 cujus
951 2980 1090 3044 transitu
1109 2979 1219 3046 luctus
1242 2989 1311 3047 erat

313 3084 473 3162 omnibus,
491 3089 524 3146 et
546 3082 717 3146 moerentia
737 3081 913 3147 inedicibili
930 3083 1215 3149 confundebantur
1238 3087 1311 3151 uni·

313 3187 405 3252 versi.
439 3187 501 3250 Illo
516 3205 642 3269 quoque
658 3184 820 3264 defimcto,
835 3186 987 3269 praefatus
1003 3189 1072 3251 Rex
1086 3187 1312 3273 Calomagnus,

316 3301 349 3357 et
371 3293 441 3376 ejus
460 3290 683 3352 Palatinorum
699 3288 817 3352 chorus
833 3310 907 3352 cum
922 3290 987 3353 suis
1003 3290 1185 3372 subaulicis,
1199 3295 1313 3358 totius-

316 3418 379 3480 que
397 3392 543 3476 regionis
558 3393 644 3456 illius
664 3392 869 3472 confluentia,
884 3393 954 3476 pari
976 3394 1079 3457 cordis
1098 3395 1218 3460 affectu
1239 3418 1313 3461 eon-

313 3500 544 3573 clamaverrmt,
557 3502 705 3558 sanctum
722 3496 925 3560 Sacerdotem
943 3496 1095 3561 Livinum
1108 3499 1144 3562 in
1159 3499 1312 3564 bonorem

315 3603 412 3685 hujus
433 3599 554 3662 ordinis
572 3597 759 3680 dignissime
779 3599 1020 3663 sublimandum
1040 3601 1116 3665 fore.
1163 3603 1227 3667 His
1245 3605 1313 3668 Rex

315 3704 464 3768 omnibus
489 3701 632 3764 devotior
657 3703 872 3780 consentiens,
895 3710 947 3767 ter
975 3711 1152 3789 quaterque
1181 3705 1313 3771 beatum

315 3809 419 3872 virum
433 3807 468 3869 in
483 3804 637 3869 cathedra
655 3805 955 3888 Archiepiscopatus
973 3806 1082 3872 debito
1099 3808 1232 3888 honore,
1248 3811 1313 3874 Do·

315 3913 404 3977 mino
430 3909 576 3994 jubente,
602 3907 775 3972 collocavit.
822 3909 944 3972 Eadem
974 3931 1048 3975 vero
1076 3911 1157 3975 bora
1185 3913 1313 3997 quando

315 4013 535 4099 Episcopalem
557 4012 678 4094 accepit
700 4010 956 4076 benedictionem
974 4015 1023 4095 (ut
1046 4014 1246 4080 consuetudo
1265 4024 1314 4080 est

316 4122 463 4183 Pastores
485 4122 605 4179 sanctae
626 4114 689 4178 Dei
708 4115 860 4179 Ecclesiae
880 4117 1068 4201 consecrari)
1091 4118 1215 4183 caeteris
1234 4140 1313 4203 prae-

316 4223 461 4287 sentibus
487 4217 650 4302 Episcopis
677 4224 709 4283 et
734 4219 837 4297 Clero,
862 4227 960 4303 atque
983 4220 1097 4286 devoto
1125 4223 1245 4306 populo
1273 4222 1314 4286 ad

316 4323 507 4391 declaranda
528 4322 614 4387 beati
628 4321 794 4386 Antistitis
814 4323 920 4387 Livini
940 4325 1063 4389 mundo
1084 4325 1210 4404 merita,
1226 4332 1260 4390 et
1273 4325 1315 4389 ad

316 4426 535 4495 confirmanda
555 4427 624 4489 haec
644 4424 751 4488 divina
773 4425 952 4490 ministeria
970 4449 1031 4492 vox
1051 4451 1189 4512 superne
1209 4429 1315 4494 delata

315 4535 422 4618 palam
437 4529 587 4594 omnibns
601 4529 746 4595 insonuit
762 4529 890 4594 dicens:
913 4532 997 4596 Ecce
1009 4533 1163 4598 Sacerdos
1176 4555 1314 4617 mopsus,
