3259 5467
554 700 635 743 vrrs
653 700 693 744 ur
709 701 920 746 usarruruu
937 705 962 748 s.
980 705 1105 748 urvmu.
1261 687 1323 750 139

318 843 450 911 Christo
464 845 499 910 in
522 852 680 911 aternum
701 847 815 913 vivam.
861 850 905 913 ut
925 850 1021 914 modo
1042 851 1211 935 paululum
1225 851 1320 916 susti·

315 955 395 1013 nete
409 949 511 1014 donec
526 971 625 1015 orem.
668 952 713 1015 Et
734 952 811 1017 dato
831 953 946 1037 spatio,
961 955 1109 1038 expansis
1122 953 1272 1019 manibus
1286 954 1322 1018 in

316 1052 447 1129 coelum,
462 1053 599 1118 sublime
614 1077 634 1119 a
647 1062 735 1120 terra
747 1056 884 1120 libratus
905 1063 938 1121 et
956 1056 992 1121 in
1012 1062 1086 1122 a'e're
1105 1079 1244 1142 superna
1257 1058 1322 1123 cla-

316 1155 416 1220 ritate
439 1157 586 1239 perfosus
609 1159 711 1222 oravit
735 1159 866 1223 dicens:
897 1161 987 1224 Deus
1011 1160 1065 1244 qui
1090 1161 1202 1225 mein
1227 1168 1322 1227 utero

316 1259 431 1322 matris
444 1281 525 1323 meae
540 1260 755 1339 sanctificasti,
772 1268 804 1326 et
821 1262 989 1346 splendore
1004 1263 1115 1346 gratiae
1129 1270 1196 1327 tuae
1211 1270 1319 1328 ortum

315 1383 428 1426 meum
456 1363 668 1446 perlustrasti,
699 1371 732 1428 et
762 1386 857 1448 super
884 1387 973 1430 mare
1002 1366 1081 1431 mibi
1112 1367 1190 1430 Dux
1218 1366 1318 1447 fuisti,

316 1465 435 1528 exaudi
446 1488 496 1529 me
506 1464 666 1531 famulum
680 1473 787 1545 tuum,
798 1468 949 1547 Domine,
960 1475 998 1532 ut
1012 1469 1048 1532 hi
1063 1469 1119 1553 qui
1132 1469 1252 1553 injuste
1266 1491 1319 1534 me

315 1575 554 1652 persequuntur
576 1592 634 1654 pro
658 1571 791 1635 nomine
815 1578 883 1650 tuo,
910 1593 978 1635 non
1004 1570 1174 1636 deleantur
1196 1572 1319 1638 alibro

315 1672 401 1751 vitae,
417 1670 473 1735 sed
487 1694 562 1736 cum
580 1673 737 1756 sanguine
757 1695 831 1738 meo
851 1673 957 1738 satiati
977 1673 1109 1753 fuerint,
1125 1682 1156 1740 et
1170 1674 1319 1759 inspirati

316 1775 423 1858 gratia
444 1775 688 1840 miserationum
708 1783 840 1840 tuarum
863 1776 1085 1860 poenituerint,
1108 1777 1242 1861 recipias
1264 1799 1318 1842 eos

315 1879 352 1942 iu
373 1900 508 1943 numero
528 1879 703 1944 electorum
723 1887 867 1945 tuorum.
912 1867 1043 1959 Praesta,
1060 1880 1209 1959 Domine,
1224 1887 1265 1944 ut
1282 1881 1318 1944 in

314 1983 397 2062 loco,
413 2005 476 2066 quo
489 1983 661 2067 praesentia
675 1982 774 2048 fuerit
793 1983 1001 2068 reliquiarum
1015 2004 1171 2062 mearum,
1185 1984 1237 2048 vel
1250 2005 1318 2048 me·

314 2087 419 2150 moria
432 2087 573 2151 nominis
587 2087 660 2166 mei,
676 2087 718 2151 sit
738 2108 864 2171 semper
882 2086 1088 2151 incolumitas
1102 2093 1135 2152 et
1149 2086 1317 2151 abundan-

313 2190 363 2254 tia
384 2190 482 2274 pacis,
506 2197 541 2254 et
562 2191 708 2255 omnium
731 2190 891 2256 bonorum
914 2190 1082 2274 plenitudo
1105 2190 1259 2269 florescat,
1283 2198 1317 2255 et

315 2293 372 2377 qui
393 2294 430 2357 in
450 2294 541 2372 mari,
556 2295 607 2358 vel
627 2294 663 2358 in
685 2294 786 2378 aquis,
802 2294 868 2358 sive
889 2294 924 2358 in
946 2300 1042 2373 terra,
1057 2294 1109 2358 vel
1127 2293 1162 2356 in
1180 2314 1318 2372 carcere,

314 2397 423 2460 autin
437 2397 634 2477 infirmitate,
650 2398 716 2462 sive
734 2398 770 2462 in
790 2398 899 2481 aliqua
912 2419 1062 2482 pressura
1078 2397 1316 2480 angustiantur,

314 2508 350 2565 et
364 2501 504 2565 nominis
518 2501 584 2565 mei
596 2501 755 2566 recordati
769 2501 901 2580 tuerint,
917 2501 1032 2565 exaudi
1047 2523 1101 2567 eos
1116 2501 1266 2579 Domine,
1277 2508 1316 2566 ut

314 2612 511 2688 cognoscant
525 2626 608 2684 vere,
621 2605 696 2688 quia
709 2605 812 2668 fidelis
828 2626 861 2669 es
875 2605 912 2668 in
926 2605 1036 2669 electis
1050 2606 1126 2684 tuis,
1138 2612 1171 2670 et
1186 2613 1317 2670 sanctus

313 2709 351 2771 in
365 2709 515 2773 omnibus
535 2709 684 2792 operibus
698 2709 774 2788 tuis,
790 2716 824 2773 et
839 2709 915 2773 siin
929 2709 1068 2794 peccatis
1082 2709 1265 2788 inciderint,
1281 2715 1315 2773 et

313 2820 349 2876 te
361 2812 580 2877 invocaverint
599 2834 657 2897 per
675 2834 738 2892 me,
753 2819 812 2876 tua
831 2813 1004 2878 clementia
1017 2813 1165 2892 absoluti,
1180 2812 1315 2877 laudent

313 2936 434 2980 nomen
448 2923 544 2980 tuum
554 2915 762 2980 benedictum
771 2917 807 2979 in
819 2917 943 2981 saecula.
965 2917 1010 2980 Et
1024 2917 1163 2981 maxime
1173 2915 1315 2980 Domine

313 3019 371 3103 qui
384 3019 472 3084 hunc
487 3020 568 3083 diem
582 3021 800 3102 commotionis
818 3041 900 3100 mea,
915 3042 990 3086 cum
1005 3020 1120 3086 devota
1139 3018 1315 3083 habuerint

313 3123 477 3202 memoria,
491 3123 633 3188 habeant
648 3131 755 3189 totum
775 3147 899 3189 annum
917 3124 998 3188 mihi
1016 3123 1188 3207 praesentia
1202 3122 1314 3206 gratiae

311 3235 379 3292 tuae
399 3248 557 3308 securum,
572 3250 633 3294 nec
653 3229 699 3293 eis
719 3229 902 3293 dominetur
920 3227 1101 3304 infirmitas,
1116 3247 1177 3290 neo
1196 3225 1313 3290 moles·

312 3332 433 3396 tiarum
451 3333 622 3417 inquietas,
639 3333 696 3397 sed
716 3333 758 3397 sit
777 3332 823 3396 eis
842 3330 1058 3416 tranquillitas
1077 3329 1164 3415 pacis
1179 3335 1213 3394 et
1227 3326 1311 3392 sani·

312 3444 373 3515 tas,
396 3444 430 3502 et
456 3437 620 3516 sobrietas,
644 3457 716 3520 quae
738 3457 793 3500 eos
815 3437 908 3501 laetos
929 3434 1084 3520 perducat
1108 3433 1150 3500 ad
1173 3452 1311 3516 regnum

312 3540 424 3624 gloriae
447 3548 522 3620 tua,
546 3546 664 3625 praesta
687 3540 742 3623 qui
767 3539 845 3603 vivis
869 3548 902 3605 et
924 3561 1041 3623 regnas
1066 3560 1141 3603 curn
1163 3537 1229 3602 filio
1252 3543 1311 3600 tuo
1342 3525 1348 3546 ⁴

312 3642 458 3708 Domino
470 3650 582 3707 nostro
597 3643 618 3705 J
619 3662 677 3706 esu
691 3641 831 3720 Christo,
848 3648 881 3706 et
900 3662 974 3706 oum
991 3640 1114 3724 Spiritu
1128 3646 1239 3704 sancto
1253 3657 1311 3721 per

310 3747 422 3811 omnia
440 3746 548 3811 secula
568 3745 759 3809 seculorum.
804 3744 1053 3828 Responderunt
1076 3741 1224 3826 discipuli
1243 3741 1310 3826 ejus

312 3871 388 3916 cum
414 3849 594 3914 astantibus
621 3846 771 3912 fidelibus
795 3848 914 3912 Amen.
958 3848 1042 3912 Ecce
1067 3868 1128 3912 vox
1156 3844 1312 3909 divinitus

311 3953 438 4032 emissa,
467 3953 519 4017 Mi
549 3951 675 4029 dilecte,
703 3949 820 4033 inquit,
850 3969 946 4033 super
974 3949 1024 4014 bis
1058 3947 1208 4013 omnibus
1238 3967 1310 4030 quar

309 4057 453 4140 benigue
467 4054 575 4133 orasti,
591 4054 671 4118 scias
685 4059 729 4131 te,
744 4053 856 4137 procul
871 4052 979 4133 dubio,
995 4051 1192 4117 exauditum.
1231 4049 1310 4114 Post

310 4159 381 4224 baec
389 4157 666 4223 constantissimus
677 4157 806 4241 Martyr
818 4154 939 4220 Christi
949 4161 982 4219 et
993 4153 1183 4237 magnificus
1193 4151 1308 4216 triurn-

310 4263 428 4347 pbator
452 4261 587 4325 Lirinus
609 4259 717 4323 divino
742 4258 860 4323 auxilio
883 4257 1052 4323 roboratus
1077 4254 1242 4319 descendit
1267 4255 1309 4319 ad

311 4389 376 4445 eos,
397 4373 430 4430 et
450 4365 549 4429 dixit:
576 4365 704 4428 Fratres
726 4362 791 4428 mei
810 4361 975 4440 carissimi,
995 4365 1065 4425 asto
1083 4357 1188 4423 hostia
1209 4358 1312 4442 Regis>

311 4470 376 4535 mei
390 4470 534 4534 vocantis
552 4490 615 4547 me,
629 4467 796 4550 praestolor
815 4466 960 4550 gloriam,
977 4485 1073 4549 quam
1088 4462 1169 4526 mihi
1187 4484 1308 4548 praepa-

777 4575 836 4636 112
