3259 5467
706 714 742 757 ns
759 715 930 757 coneum.
1257 698 1321 759 257

317 860 505 943 conjectura
519 857 654 922 Eoeardi
670 858 793 920 Rerum
808 856 952 920 Francic.
968 856 1023 920 lib.
1041 858 1172 921 XXIII.
1187 858 1245 923 ubi
1261 860 1322 923 ait:

318 965 456 1027 Peteado
479 968 623 1043 corrupte
642 983 701 1042 pro
717 963 881 1025 Petenstro
902 963 965 1024 sive
989 963 1121 1042 Serpitto
1144 968 1199 1025 out
1222 964 1307 1025 Galli

318 1067 414 1130 herbo
422 1068 560 1147 positum
576 1086 649 1128 esse.
694 1065 807 1127 Herbe
827 1066 894 1126 istoe
915 1065 958 1126 od
976 1064 1141 1146 stipendus
1152 1065 1239 1146 forte
1258 1087 1323 1129 ser·

312 1178 424 1252 pentes
438 1177 467 1233 et
482 1175 631 1233 venenato
652 1169 802 1230 animatio
823 1168 1106 1250 eondliaodumque
1124 1190 1257 1233 amorem
1272 1190 1323 1232 su-

312 1276 492 1355 perstitiose
508 1273 610 1354 cottipi
626 1272 777 1348 adbiberi,
790 1272 824 1333 ia
837 1272 912 1333 cotto
924 1272 1044 1353 pesturi
1055 1277 1146 1353 atque
1157 1273 1201 1334 ad
1214 1274 1324 1335 tectum

312 1379 472 1458 precipue
486 1376 631 1456 suspendi
647 1380 702 1436 out
717 1379 885 1436 strumento
900 1374 1023 1436 misceri
1031 1380 1210 1454 potuerunt.
1241 1374 1322 1456 Legi

318 1488 486 1543 merentur
505 1500 577 1562 quae
596 1478 618 1540 l.
635 1499 662 1540 o.
678 1500 751 1560 pag.
773 1479 848 1540 426.
872 1498 930 1559 pro
949 1477 1010 1540 hae
1031 1478 1181 1561 opinione
1202 1478 1322 1542 stabili-

319 1583 405 1646 enda
418 1582 571 1665 prolixius
587 1582 697 1644 attulit
713 1581 886 1645 Eoeardus.

363 1687 437 1749 XX.
460 1687 509 1748 De
522 1685 627 1766 seriis,
652 1705 716 1766 que
730 1684 857 1765 fuciunt
878 1684 949 1747 Jooi
971 1690 1001 1746 et
1023 1684 1207 1768 Mercurio]
1235 1684 1322 1748 'Phor

320 1791 409 1853 Jovis
430 1811 550 1852 nomen
571 1796 639 1851 erat
661 1788 900 1865 Germanicum,
916 1787 992 1850 inde
1013 1788 1079 1851 dies
1096 1787 1184 1850 lovis
1205 1786 1323 1851 dicitur

319 1891 625 1976 septentrionalibus
648 1892 816 1974 Thorstag,
839 1890 933 1954 nobis
955 1891 1078 1954 incerto
1101 1913 1124 1953 n
1146 1889 1321 1973 Donrstag.

318 1997 466 2060 Adamus
482 1995 667 2058 Bremensis
683 1995 722 2058 de
740 1994 920 2058 Sueonibus
942 1994 1069 2057 scribit:
1090 1994 1325 2056 Nobilissimum

318 2100 376 2162 itta
387 2120 464 2181 pens
479 2101 623 2180 temptum
638 2098 738 2175 tabet,
755 2098 838 2179 quod
856 2097 967 2169 Ubsolu
985 2098 1110 2176 dieitur,
1126 2118 1186 2160 aon
1202 2099 1324 2178 torpeo

320 2203 449 2265 Siotoau
467 2204 592 2265 eioitote
611 2203 660 2264 oet
677 2203 805 2264 Bireko.
851 2202 890 2263 Ia
910 2204 966 2263 boe
988 2203 1110 2282 tempto,
1127 2201 1209 2283 quod
1227 2206 1323 2263 totum

320 2325 397 2368 auro
411 2311 561 2385 paratum
577 2311 632 2382 est,
648 2310 769 2367 statuas
789 2305 884 2367 trium
898 2305 1034 2366 Deorum
1048 2309 1212 2366 reametur
1222 2324 1323 2384 popu-

320 2411 377 2485 tus,
393 2409 440 2470 ita
462 2414 496 2470 ut
511 2409 744 2488 potentissimus
766 2428 870 2469 eorum
889 2407 971 2469 lber
985 2409 1019 2469 io
1033 2407 1132 2469 medio
1151 2407 1248 2468 sotum
1268 2407 1323 2467 tiu-

320 2511 390 2573 beat
411 2512 598 2584 triclinium:
626 2513 697 2574 tsine
717 2517 747 2574 et
766 2511 838 2574 inde
858 2513 955 2574 torum
968 2511 1131 2592 possideat
1155 2509 1275 2571 Woduo
1293 2515 1324 2572 et

320 2614 438 2692 Frieco,
460 2635 587 2695 quorum
606 2612 847 2696 sipiificatioaes
866 2614 1013 2695 ejusmodi
1034 2620 1125 2677 suat:
1163 2614 1255 2691 slbor,
1276 2614 1323 2675 ia·

320 2716 438 2797 quinat,
448 2717 597 2796 presidet
619 2720 651 2778 ia
673 2721 753 2795 dere,
772 2718 825 2798 qui
847 2718 980 2780 tonitrus
1002 2723 1032 2779 et
1045 2715 1194 2797 firlmiau,
1209 2720 1322 2793 ventos,

320 2821 501 2905 imbresque,
512 2841 620 2883 sereno
635 2827 665 2883 et
671 2820 784 2902 frupes
795 2819 958 2902 pulsem.
982 2821 1082 2883 Porro
1093 2819 1215 2901 inquit:
1242 2820 1325 2881 Ttor

322 2945 389 2987 eum
400 2930 520 3005 seeptro
529 2925 635 2988 Jooem
648 2926 771 2987 uidetur
782 2925 970 3006 eaprimere.
984 2971 990 2986 .
1003 2970 1010 2985 .
1023 2925 1069 2986 ‚si
1076 2926 1177 3004 pestis
1188 2923 1325 3003 etfumes

321 3031 468 3107 imminet,
487 3032 569 3092 Iber
582 3031 664 3093 idolo
679 3031 848 3093 immolant.
872 3029 965 3093 Idem
979 3028 1125 3092 Adamus
1140 3028 1324 3092 Bremensis

322 3133 384 3195 ait:
401 3134 541 3196 Deorum
552 3136 633 3196 atter
648 3135 776 3211 Woduo,
789 3134 826 3196 id
838 3139 892 3208 est,
900 3132 1020 3213 fortior
1035 3132 1113 3195 betta
1127 3132 1217 3212 repit,
1228 3132 1324 3194 iomi-

321 3256 453 3317 numque
461 3237 617 3299 ministrat
625 3238 768 3299 virtutem
778 3242 886 3300 eontra
894 3237 1043 3314 inimicos,
1054 3236 1156 3298 addit:
1175 3234 1324 3298 sitellam

323 3340 490 3418 immineat,
509 3361 560 3402 eos
585 3340 710 3402 Vodaao
730 3341 899 3402 immolare.
945 3338 1065 3402 Paulus
1086 3338 1249 3401 Diaconus
1266 3338 1323 3402 lib.

323 3439 350 3504 Ι.
364 3443 404 3505 de
419 3443 516 3525 gestis
531 3442 819 3525 Langobardorum
831 3465 898 3525 cap.
911 3445 942 3506 9.
954 3442 1070 3505 refert:
1098 3442 1142 3506 W
1137 3442 1227 3518 odon,
1237 3461 1325 3524 quem

324 3545 445 3626 aiip‘eetu
461 3547 566 3609 littera
585 3548 694 3610 Godua
714 3548 868 3624 dixerunt,
885 3548 950 3628 ipse
970 3552 1024 3624 est,
1040 3547 1093 3629 qui
1113 3545 1198 3627 apud
1209 3545 1323 3607 Roma·

324 3669 379 3711 nos
392 3650 571 3713 Meruirius
586 3651 701 3712 dieitur
715 3655 745 3712 et
759 3650 804 3736 *ab
825 3652 975 3714 noioemis
993 3651 1165 3713 Germanice
1181 3647 1324 3731 pentibus

323 3757 358 3814 ut
381 3754 466 3815 Deus
490 3753 650 3815 odoratur.
705 3753 793 3817 Huie
818 3753 883 3816 dies
907 3754 1116 3818 hebdomadis
1140 3774 1229 3816 saera
1251 3749 1323 3827 fuit,

326 3877 422 3938 quam
434 3857 636 3939 appellarunt
644 3858 746 3938 Betpoe
758 3863 790 3920 et
801 3858 910 3940 populi
923 3856 1187 3940 septentrionales
1201 3855 1324 3916 Woens·

325 3958 396 4040 dap,
417 3960 624 4042 Woduosctap.
672 3960 827 4023 Germani
846 3969 954 4023 autem
974 3981 1041 4022 una
1060 3980 1133 4022 eum
1149 3958 1218 4041 ejus
1234 3957 1325 4020 eultu

325 4069 358 4124 et
373 4083 492 4125 nomen
508 4063 577 4145 ejus
592 4062 801 4127 aboleverunt
816 4070 849 4127 et
864 4063 947 4126 diem
960 4062 1114 4124 Mercurii
1124 4060 1325 4122 Mittwoctea

326 4165 390 4228 sive
405 4166 548 4229 medium
563 4165 772 4229 hebdomadis
788 4166 873 4229 diem
889 4166 1146 4229 nominaverunt.

371 4268 464 4332 XXI.
496 4271 543 4332 De
573 4271 650 4332 tuoe
680 4269 857 4350 defectione,
889 4269 972 4350 qood
999 4269 1105 4331 dieunt
1133 4265 1319 4349 meretina]

326 4372 521 4435 Persuasum
535 4372 596 4436 fuit
612 4373 721 4435 multis
734 4373 831 4436 etiam
844 4373 1026 4436 Germaniae
1037 4370 1179 4454 populis:
1202 4370 1324 4447 lunam,

327 4497 401 4538 eum
417 4476 578 4553 defecerit,
593 4476 627 4538 id
642 4485 700 4554 est,
716 4477 906 4559 interposita
928 4483 1022 4539 terrae
1042 4475 1158 4538 umbra
1174 4474 1261 4537 inter
1275 4494 1325 4552 so·

326 4579 390 4642 lem
406 4586 438 4642 et
453 4580 564 4642 lunam
588 4579 759 4643 obscurata
780 4579 887 4658 fuerit,
904 4601 922 4642 a
938 4579 1089 4643 maleficis
1104 4587 1137 4642 et
1152 4577 1236 4661 sagis
1257 4598 1325 4641 oar-
