3259 5467
590 720 630 761 nr
647 719 821 761 uanrrurs
838 718 1023 764 suanorum.
1271 701 1313 762 69

310 874 344 930 et
355 867 563 930 mundabunt
574 865 786 930 conscientias
798 864 855 949 per‘
864 864 1065 942 charitatem,
1078 871 1110 928 et
1120 865 1312 945 castitatem,
1427 867 1432 886 ⁴

312 977 345 1034 et
364 971 535 1054 justitiam,
552 978 585 1033 et
600 991 656 1053 per
676 976 797 1033 ceteras
821 975 948 1033 sanctas
970 969 1114 1046 virtutes,
1130 975 1168 1032 ut
1190 970 1313 1052 possint

311 1074 418 1137 videre
443 1075 551 1137 Deum
576 1074 611 1136 in
634 1073 756 1136 coelesti
778 1093 889 1155 regno.
935 1073 1024 1136 Deus
1047 1072 1134 1135 enim
1156 1093 1223 1135 non
1244 1073 1313 1139 vult

310 1177 459 1240 habitare
474 1178 509 1240 in
525 1197 656 1259 corpore
671 1177 794 1258 polluto
810 1176 957 1258 peccatis,
970 1175 1104 1258 ideoque
1119 1176 1313 1239 mundemus

313 1303 372 1344 nos
396 1281 436 1344 ab
459 1281 547 1343 omni
569 1279 814 1362 inquinamento
838 1280 942 1342 carnis
965 1287 998 1341 et
1020 1279 1148 1356 mentis,
1164 1285 1201 1342 ut
1224 1280 1313 1343 Deus

312 1384 441 1450 ,habitet
456 1384 491 1446 in
506 1383 656 1447 cordibus
671 1383 799 1460 nostris,
812 1390 846 1445 et
861 1382 978 1464 dirigat
993 1404 1053 1445 nos
1068 1382 1116 1451 ad,
1125 1404 1219 1446 omne
1235 1405 1314 1467 opus

313 1487 447 1550 bonum.
487 1487 522 1549 Si
537 1487 623 1550 enim
639 1486 865 1563 confitebimur
879 1492 1010 1567 peccata
1025 1493 1144 1564 nostra,
1157 1494 1189 1549 et
1205 1507 1314 1549 emen-

313 1591 473 1667 dabimus,
498 1597 530 1654 et
553 1590 594 1652 ad
617 1589 728 1653 eadem
747 1610 814 1652 non
838 1595 1044 1665 revertemur,
1063 1589 1233 1653 mundabit
1256 1611 1314 1653 nos

313 1698 403 1761 Deus
419 1716 438 1757 a
452 1694 590 1777 peccatis
605 1692 733 1770 nostris,
744 1700 776 1755 et
791 1691 929 1775 replebit
944 1713 1003 1754 nos
1018 1692 1191 1755 virtutibus
1207 1693 1316 1756 coeles-

312 1799 410 1876 tibus,
434 1805 467 1861 et
489 1798 603 1879 dignos
627 1816 686 1858 nos
712 1796 826 1858 efficiet
849 1795 987 1858 coelestis
1009 1795 1218 1858 beatitudinis
1240 1818 1315 1859 cum

314 1902 464 1966 omnibus
487 1899 615 1963 sanctis.
662 1899 697 1961 Si
723 1906 834 1961 antem
857 1897 1126 1976 absconderimus,
1150 1900 1239 1962 Deus
1260 1899 1316 1962 illa

313 2004 543 2080 manifestabit,
573 2003 706 2066 velimus
736 2002 886 2065 nolimus.
946 2002 990 2064 Et
1024 2001 1138 2065 melius
1173 2008 1222 2064 est
1256 2002 1315 2064 uni

313 2107 439 2171 homini
462 2106 607 2170 confiteri
625 2113 765 2188 peccata,
782 2127 879 2188 qnam
894 2105 929 2167 in
944 2105 1000 2167 illo
1016 2105 1183 2168 tremendo
1195 2104 1314 2188 judicio

314 2233 421 2275 coram
438 2210 542 2273 tribus
556 2209 696 2287 familiis,
712 2209 794 2286 coeli,
809 2215 976 2292 terraeque,
993 2216 1026 2272 et
1041 2208 1217 2272 inferorum
1233 2207 1314 2292 pub-

314 2315 414 2392 licari,
432 2321 464 2376 et
486 2313 640 2376 confundi
657 2334 716 2395 pro
734 2312 881 2396 peccatis,
897 2333 964 2375 non
987 2312 1027 2375 ad
1047 2312 1314 2392 emendationem,

316 2418 373 2482 sed
388 2418 428 2481 ad
443 2438 573 2501 poenam
587 2424 786 2499 perpetuam.

361 2526 391 2586 7.
415 2521 509 2584 Beati
524 2520 663 2603 pacifici,
686 2521 830 2602 quoniam
849 2519 914 2601 filii
936 2519 1215 2583 advocabuntur.
1262 2519 1315 2584 Sic

316 2624 471 2688 debemus
490 2645 602 2707 paoem
619 2623 746 2701 sectari,
762 2630 799 2686 ut
817 2623 958 2706 primum
978 2622 1064 2687 inter
1078 2624 1186 2687 Deum
1206 2631 1238 2687 et
1256 2646 1315 2688 nos

316 2729 401 2812 ipsos
415 2749 526 2810 paoem
547 2727 731 2804 efficiamus,
747 2733 906 2791 sectantes
930 2749 1002 2811 qnae
1021 2727 1088 2810 ipse
1106 2728 1265 2813 praecepit,
1281 2733 1314 2791 et

315 2832 478 2914 fugientes
493 2832 578 2894 mala
593 2852 664 2914 quae
675 2831 745 2894 Deo
761 2831 870 2894 odiosa
885 2836 971 2894 sunt.
1009 2830 1136 2894 Deinde
1150 2831 1316 2915 pacificare

317 2936 471 2999 debemus
485 2935 572 2998 inter
585 2935 746 3017 proximos
764 2941 891 2998 nostros
912 2955 1129 3017 quoscumque
1144 2934 1315 2997 viderimus

316 3039 402 3102 inter
417 3061 450 3102 se
470 3037 660 3102 discordiam
680 3037 808 3100 habere.
854 3037 916 3100 Per
937 3058 1048 3120 pacem
1067 3037 1124 3100 filii
1143 3037 1206 3100 Dei
1224 3058 1315 3101 voca-

317 3143 435 3206 bimur.
481 3143 605 3225 Magna
620 3149 668 3205 est
683 3141 812 3205 bonitas
827 3141 889 3204 Dei
908 3148 940 3203 et
960 3139 1130 3203 ineffabilis
1145 3140 1316 3204 elementia

318 3245 502 3324 conditoris,
517 3267 585 3308 non
600 3267 711 3309 sumus
726 3244 817 3327 digni
833 3245 914 3308 servi
928 3243 991 3307 Dei
1006 3264 1083 3323 esse,
1100 3251 1133 3306 et
1152 3243 1210 3305 filii
1224 3264 1314 3306 voca-

318 3370 402 3411 mur.
435 3347 629 3411 Studeamus
644 3369 730 3431 ergo‚
740 3355 778 3410 ut
790 3369 849 3410 nos
864 3347 925 3431 ipsi
940 3368 997 3428 per
1010 3346 1096 3410 bona
1107 3367 1203 3430 opera
1216 3351 1317 3409 tantae

318 3450 506 3515 hereditatis
522 3450 612 3533 digni
628 3472 695 3514 esse
710 3472 900 3529 mereamur,
913 3456 945 3514 et
957 3472 1024 3514 non
1039 3471 1242 3534 segregemus
1257 3472 1315 3514 nos

318 3554 404 3638 ipsos
419 3575 439 3616 a
452 3562 521 3617 tam
535 3555 589 3638 pio
604 3561 704 3638 patre,
721 3555 776 3638 qui
791 3576 850 3618 nos
864 3555 900 3617 in
918 3555 1057 3618 filiorum
1076 3561 1194 3619 sortem
1215 3554 1317 3619 adnu-

318 3678 443 3721 merare
459 3657 610 3740 dignatus
626 3665 684 3722 est.

363 3763 395 3823 8.
417 3761 511 3822 Beati
523 3761 576 3845 qui
584 3763 826 3842 persecutionem
835 3763 1002 3843 patiantur
1010 3762 1316 3844 propterjastitiam,

319 3864 465 3945 quoniam
485 3864 621 3944 meorum
643 3870 688 3927 est
709 3885 836 3947 requam
859 3867 1010 3929 coelorum.
1056 3865 1202 3928 Christus
1218 3866 1318 3929 Filius

320 3966 383 4029 Dei
398 3966 524 4047 flagella
539 3973 572 4029 et
587 3967 756 4051 opprobria
770 3991 827 4052 pro
836 3969 929 4032 nobis
941 3969 1102 4047 sustinuit,
1113 3959 1152 4032 et
1157 3975 1318 4053 postremo

318 4070 422 4153 ipsam
437 4076 575 4133 mortem
592 4093 650 4154 pro
668 4072 760 4135 nobis
781 4073 929 4156 suscepit,
946 4072 1099 4137 debemus
1120 4093 1196 4155 ergo
1211 4079 1244 4136 et
1259 4094 1318 4135 nos

319 4194 378 4255 pro
394 4173 462 4255 ejus
477 4172 608 4237 nomine
623 4174 755 4238 adversa
770 4197 903 4260 quaeque
918 4176 1054 4240 tolerare
1065 4174 1233 4259 patienter,
1244 4174 1319 4257 quia

320 4296 378 4358 per
398 4277 517 4339 multas
537 4276 760 4341 tribulationes
779 4278 971 4342 intrabimus
989 4279 1024 4341 in
1044 4299 1179 4360 regnum
1202 4277 1273 4355 Dei,
1292 4277 1320 4340 si

322 4399 376 4442 eas
392 4385 522 4462 propter
540 4380 701 4463 justitiam
718 4383 902 4446 toleramus.
948 4381 1121 4446 Beatitudo
1136 4402 1212 4463 ergo
1227 4379 1320 4443 nobis

321 4481 357 4544 in
372 4483 454 4546 ooelo
467 4489 580 4565 parata
594 4490 653 4562 est,
669 4485 709 4547 ad
727 4486 815 4549 illam
838 4485 931 4550 bonis
951 4484 1099 4569 operibus
1123 4505 1181 4547 nos
1198 4505 1318 4568 praepa-

323 4604 441 4662 remus,
466 4585 507 4648 ad
532 4586 620 4649 illam
646 4593 715 4650 toto
740 4589 895 4653 desiderio
919 4610 1093 4655 curramus.
1139 4589 1319 4672 Expectant
