3259 5467
562 727 655 769 sorar
671 725 712 767 rr
728 725 844 767 varim
860 724 1053 767 bromosis.
1245 704 1303 767 191

354 874 414 955 Ep.
439 875 470 936 2.
497 894 527 955 p.
555 874 607 936 26.
669 871 845 953 Gregorius
871 870 1029 934 secundus
1055 875 1111 958 per
1136 871 1220 934 hanc
1242 871 1308 954 epi-

311 978 427 1039 stolam
453 976 655 1040 Bonilacium
677 975 869 1057 Apostolum
896 975 1131 1038 Germanorum
1155 973 1307 1037 instituit.

312 1082 446 1142 Annum
465 1101 528 1162 quo
543 1079 604 1142 hoc
622 1079 707 1156 fecit,
723 1077 856 1141 indictio
877 1078 1026 1155 secunda,
1042 1098 1113 1161 quae
1130 1098 1205 1140 cum
1223 1098 1309 1140 anno

312 1183 434 1246 Christi
460 1185 523 1248 719
546 1182 704 1264 congruit,
728 1181 933 1245 declarat—l.
959 1184 999 1245 18
1024 1180 1309 1245 timoris—amoris

314 1319 349 1345 =
365 1308 396 1369 p.
413 1289 467 1364 27,
482 1286 504 1348 l.
520 1289 551 1349 9.
567 1293 681 1349 vestrae
696 1287 760 1367 lege
774 1292 903 1348 nostrae.

357 1390 475 1452 “Cum
499 1388 640 1472 praefatis
668 1387 784 1451 litteris
815 1394 848 1450 et
877 1387 1009 1450 collecta
1037 1407 1209 1450 numerosa
1237 1385 1309 1449 reli-

313 1492 463 1574 quiarum
471 1490 679 1554 multitudine
688 1490 872 1554 Bonifacius
883 1489 1044 1572 reciproco
1059 1511 1190 1553 suorum
1204 1490 1311 1552 reditu

314 1617 476 1658 servorum
497 1594 785 1677 Longobardorum
805 1615 915 1676 regem
933 1592 1171 1656 Luitbrandum
1187 1593 1275 1670 adiit,
1292 1615 1311 1657 a

314 1720 377 1780 quo
391 1698 565 1762 honorifice
578 1705 763 1780 susceptus;
786 1696 907 1760 viribus
917 1695 1037 1759 ibidem
1048 1696 1220 1778 resumptis
1234 1696 1311 1759 inde

314 1802 477 1883 profectus
499 1802 600 1864 ardua
621 1808 654 1864 et
675 1807 837 1884 praerupta
858 1799 991 1882 Alpium
1009 1799 1090 1882 juga
1111 1798 1310 1862 transcendit

314 1904 558 1987 incognitosque
580 1904 801 1988 Bajoariorum
825 1909 857 1967 et
880 1903 1021 1966 confines
1043 1901 1225 1965 Germaniae
1247 1908 1310 1964 ter-

313 2008 419 2071 minos
434 2008 632 2091 perlustrans
647 2008 682 2070 in
697 2006 908 2088 Thuringiam
923 2004 1051 2069 devenit
1069 2006 1164 2089 juxta
1177 2004 1311 2067 insitum

314 2110 376 2173 sibi
391 2111 581 2175 mandatum
595 2111 771 2194 Apostolici
787 2109 962 2187 Pontificio,
979 2117 1140 2172 senatores
1156 2114 1188 2171 et
1203 2108 1312 2191 populi

315 2214 474 2299 principes
489 2215 592 2279 verbis
607 2214 826 2298 spiritualibus
848 2214 1012 2296 alloquens
1034 2213 1075 2276 od
1094 2233 1201 2276 veram
1222 2211 1311 2294 agni-

314 2318 413 2381 tionis
435 2319 519 2382 viam
546 2326 579 2381 et
607 2317 830 2400 intelligentiae
857 2311 1164 2394 lucem·'rev00avit;
1197 2315 1253 2378 sed
1279 2322 1311 2379 et

315 2422 495 2486 sacerdotes
521 2422 693 2486 sceleribus
718 2421 811 2484 variis
836 2421 960 2485 deditos
990 2420 1189 2485 sermonibus
1219 2442 1311 2484 evon-

316 2526 426 2607 gelicis
452 2526 637 2604 admonens,
662 2525 703 2588 ad
726 2524 939 2589 institutionis
967 2524 1137 2588 Canonicae
1165 2533 1313 2589 normam

315 2629 463 2693 correxit.

360 2731 514 2796 “Audita
532 2732 663 2795 interim
683 2731 826 2796 Ratbodi
845 2730 943 2814 Regis
963 2731 1140 2795 Eresonum
1159 2739 1263 2795 morte
1277 2732 1313 2794 in

316 2836 452 2898 Frisiam
468 2836 621 2918 navigans
642 2836 796 2899 doctrinae
818 2835 955 2900 coelestis
977 2835 1099 2898 semina
1119 2835 1314 2899 ministravit

316 2945 351 3002 et
365 2939 453 3002 verbi
465 2939 527 3002 Dei
536 2940 621 3002 fame
636 2939 768 3021 expulsa
779 2945 910 3021 gentem
921 2937 1077 3022 paganica
1089 2939 1313 3019 superstitione

316 3043 470 3106 infectam
486 3042 603 3125 pabulo
618 3049 748 3106 aeternae
762 3041 997 3124 praedicationis
1011 3040 1122 3103 refecit
1141 3047 1173 3102 et
1188 3047 1314 3122 partem

316 3145 490 3209 maximam
515 3146 554 3209 ab
581 3167 687 3210 errore
709 3145 897 3209 idololatriae
919 3143 1062 3206 retraxit.
1109 3142 1178 3204 Sub
1202 3142 1314 3205 eodem

316 3256 461 3331 tempore
476 3249 703 3314 Willibrordus
718 3246 929 3332 Trajectensis
944 3245 1095 3310 Ecclesiae
1113 3245 1229 3327 praesul
1243 3266 1313 3308 mu·

318 3373 380 3414 nus
403 3352 638 3435 praedicationis
662 3351 760 3415 obivit
781 3351 816 3413 in
839 3349 950 3427 Frisia,
974 3349 1065 3433 cujus
1088 3347 1194 3412 studio
1217 3348 1312 3410 Boni-

318 3456 418 3520 facius
442 3458 531 3521 omni
556 3457 652 3521 modo
678 3457 884 3540 congaudens
911 3463 944 3520 et
974 3455 1138 3518 adhaercns
1165 3475 1224 3545 per
1249 3460 1315 3515 tres

319 3561 488 3625 continuos
511 3584 612 3625 annos
636 3583 710 3626 cum
732 3583 770 3625 eo
791 3561 947 3625 laboravit
968 3566 1037 3623 tom
1058 3560 1093 3622 in
1114 3556 1315 3622 destruendis

318 3664 412 3743 fanis,
428 3687 525 3748 quam
539 3666 574 3728 in
589 3665 813 3729 construendis
824 3665 903 3728 Veri
913 3663 1067 3728 Numinis
1082 3663 1232 3728 Ecclesiis
1247 3682 1315 3724 om-

318 3766 477 3850 nibusque
492 3769 629 3850 negotiis
644 3767 803 3831 Divinis.''
826 3768 879 3831 W.

362 3871 422 3953 Ep.
446 3874 477 3936 3.
504 3871 706 3936 Bonifacium
729 3870 770 3934 ad
792 3871 958 3948 Eresonas‚
982 3891 1118 3953 quorum
1140 3889 1196 3931 rex
1215 3867 1315 3930 Rath-

319 3974 422 4037 bodus
445 3997 530 4039 anno
556 3976 653 4039 Dom.
680 3977 742 4040 719
772 3981 919 4037 mortuus
943 3979 1002 4052 est,
1026 3973 1151 4054 Bugga,
1174 3991 1245 4052 quae
1268 3976 1315 4031 est

320 4077 503 4161 Eadburga‚
524 4079 584 4142 hac
605 4078 739 4162 epistola
757 4077 970 4161 prosequitur.
1016 4081 1037 4112 “
1046 4073 1238 4138 Radbodum
1255 4072 1316 4135 hoc

319 4201 406 4245 anno
420 4182 601 4262 DCCXIX,
615 4204 678 4266 quo
693 4204 713 4246 a
727 4181 858 4245 Francis
874 4180 914 4244 ad
928 4179 1113 4244 Suessiones
1124 4182 1315 4260 pugnatum,

319 4291 483 4349 mortuum
509 4307 578 4350 esse
607 4285 741 4349 tradunt
771 4285 950 4349 Annalistae
979 4280 1190 4358 Nararianus,
1222 4280 1317 4342 Peta-

319 4386 432 4451 vianus
458 4396 490 4453 et
515 4390 669 4453 Tiliauus.
713 4389 794 4473 Ejus
819 4387 986 4451 interitum
1009 4383 1157 4469 praedixit
1188 4389 1318 4446 sanctus

319 4492 456 4556 Ermino
471 4494 582 4558 Abbas
598 4492 789 4557 Laubiensis
807 4500 840 4556 et
855 4492 1041 4574 Episcopus.
1086 4489 1129 4575 lu
1149 4490 1216 4573 ejus
1231 4486 1318 4550 enim

319 4596 385 4660 vita
414 4597 453 4660 ab
484 4599 616 4661 Ansone
648 4597 791 4680 ejusdem
822 4594 1013 4660 Monostcrii
1043 4591 1171 4657 Abbate
1202 4590 1320 4674 scripta
