3259 5467
696 699 732 739 ru
751 698 937 740 arlsronns
1253 676 1317 738 219

313 845 341 908 si
355 842 525 908 Zacharias
546 860 632 904 anno
653 838 799 921 sequenti
821 838 944 901 litteras
964 836 1034 900 illas
1055 837 1096 902 ad
1116 836 1317 902 Bonifacium

314 947 463 1024 misisset,
486 966 554 1007 non
579 963 681 1006 annos
704 940 922 1019 Constantini,
946 940 1001 1004 sed
1026 940 1201 1005 Artabasdi
1222 941 1258 1004 in
1279 941 1319 1004 iis

314 1048 524 1133 apposuisset,
539 1055 577 1109 ut
597 1052 708 1129 postea
726 1043 761 1107 in
781 1065 871 1107 more
891 1043 1015 1107 habuit.
1060 1044 1170 1110 Quare
1189 1044 1224 1107 in
1245 1043 1319 1107 sub·

315 1152 489 1235 scriptione
518 1149 662 1233 ejusdem
688 1147 851 1211 Zachariae
877 1147 1110 1230 expungendus
1139 1169 1244 1211 annus
1270 1146 1318 1210 11.

314 1255 450 1338 imperii,
465 1255 501 1317 in
523 1253 697 1317 editionem
721 1252 902 1314 Romanam
925 1258 958 1314 et
981 1250 1187 1314 Labbeanam
1209 1270 1319 1333 perpe·

313 1380 384 1421 ram
405 1358 560 1433 intrusus,
581 1375 682 1437 eaque
703 1353 748 1416 sic
767 1353 969 1417 restituenda
988 1360 1054 1417 est:
1077 1355 1164 1417 Data
1184 1353 1318 1416 Kalend.

314 1461 463 1524 Febeucr.
480 1461 651 1540 imperante
664 1458 797 1520 Domino
805 1458 950 1538 piissimo
961 1458 1102 1540 Anpurto
1120 1457 1320 1520 Constantino

315 1585 336 1625 a
350 1565 420 1627 Deo
435 1567 580 1626 coronato
600 1581 710 1643 mupno
730 1563 915 1641 imperatore
934 1581 1014 1623 anno
1029 1560 1138 1639 XXII,
1153 1561 1321 1624 indictione

315 1668 359 1730 X.
403 1667 478 1730 Duo
501 1673 610 1729 autem
633 1671 721 1728 certa
742 1663 905 1727 videntur.
949 1663 1095 1726 Primum
1119 1664 1180 1727 hoc
1203 1660 1320 1729 saeculo

315 1792 419 1833 anuos
439 1767 668 1833 incarnationis
689 1790 709 1831 a
728 1767 780 1830 die
800 1767 979 1831 nativitatis
1000 1766 1121 1830 Christi
1135 1767 1170 1829 in
1186 1767 1321 1831 Francia

315 1873 482 1938 inchoatos
504 1873 614 1935 fuisse.
672 1870 869 1949 Secundum,
892 1870 988 1954 hujus
1011 1869 1089 1933 anni
1109 1868 1203 1934 initio
1224 1871 1320 1933 Arta-

316 1975 453 2039 besdum
479 1976 626 2040 nondum
649 1976 761 2038 Romae
784 1974 933 2056 agnitum
955 1973 1053 2036 fuisse
1075 1972 1319 2055 imperatorem

315 2079 459 2162 alioquin
479 2080 558 2163 ejus,
573 2086 640 2143 uon
661 2077 868 2142 Constantini
888 2076 1019 2140 nomine
1039 2075 1171 2140 laudata
1188 2075 1321 2159 epistola

316 2182 498 2266 subscripta
510 2180 653 2246 fuisset.”
667 2182 721 2244 W.

361 2286 421 2368 Ep.
433 2289 485 2365 51,
499 2286 580 2349 Haec
591 2284 725 2368 epistola
733 2284 769 2347 in
781 2284 849 2348 edit
862 2283 1048 2348 Serrariana
1060 2286 1120 2349 131
1137 2284 1242 2368 posita
1252 2291 1319 2348 est:

316 2388 461 2472 ejusdem
484 2388 605 2452 tenoris
625 2394 674 2450 est
696 2390 758 2450 133
777 2408 848 2469 quae
867 2387 1054 2452 inscribitur
1073 2386 1321 2451 “Dilectissimo

316 2491 410 2554 nobis
425 2491 612 2555 Burchardo
633 2497 753 2554 sanctae
773 2490 914 2554 ecclesiae
928 2490 1243 2575 Wirziburgonensis
1261 2489 1320 2554 Za·

316 2595 440 2659 chariss
455 2596 553 2678 Papa.
597 2593 739 2657 Domino
754 2600 945 2676 cooperante
962 2595 1017 2658 &c

361 2698 417 2761 Ad
440 2698 576 2762 eandem
600 2697 767 2780 epistolam
790 2703 885 2760 notat
910 2697 1090 2762 Serrarius:
1114 2697 1181 2760 “Si
1204 2695 1321 2780 episto-

316 2803 422 2865 larum
433 2802 538 2865 bonus
550 2822 589 2865 ex
599 2809 744 2883 tempore
756 2800 834 2865 ordo
845 2800 1159 2879 institueretur,huic
1169 2797 1320 2864 CXXXI.

318 2908 571 2988 anteponeretur
596 2904 770 2968 CXXXII.
797 2911 830 2967 et
857 2903 995 2968 CXLII.
1040 2904 1140 2966 Porro
1164 2903 1200 2966 in
1225 2902 1322 2987 hujus

319 3008 474 3071 CXXXI.
489 3008 586 3072 titulo
601 3007 782 3071 notandum
804 3006 908 3090 primo
930 3027 988 3090 pro
1011 3006 1216 3069 dilectiseimis
1234 3005 1323 3068 nebu

318 3112 504 3194 legendum,
520 3112 718 3174 dilectissimo
738 3111 835 3188 nobis,
851 3116 890 3172 ut
909 3117 958 3173 est
979 3109 1016 3172 in
1039 3108 1161 3172 Concil.
1177 3116 1255 3172 tom.
1272 3110 1320 3172 II.

318 3222 351 3278 et
366 3216 442 3278 Bar.
458 3222 547 3278 ortus
568 3222 677 3278 antem
698 3235 736 3277 ex
757 3234 795 3277 eo
815 3213 943 3277 videtur
959 3233 1056 3291 error,
1073 3210 1158 3294 quod
1172 3212 1241 3274 haec
1256 3211 1321 3294 epi-

318 3318 401 3381 stola
415 3318 528 3396 tribus,
546 3339 682 3401 quorum
696 3316 732 3380 in
750 3338 789 3380 ea
808 3317 932 3380 mentio
946 3316 983 3380 fit
998 3314 1162 3398 episcopis,
1178 3335 1322 3378 commu·

318 3422 369 3485 nis
383 3422 491 3485 fuerit.
517 3422 581 3486 Sed
596 3443 638 3484 an
653 3421 701 3485 ita
715 3421 906 3498 communis,
923 3427 961 3483 ut
976 3441 1080 3482 unum
1095 3419 1321 3483 tantummodo

318 3525 387 3608 ejus
410 3525 592 3608 exemplum
616 3526 720 3588 Roma
745 3524 881 3587 missum
904 3523 956 3602 sit,
979 3545 1022 3587 an
1043 3522 1106 3587 tria
1126 3522 1242 3602 tribus,
1265 3543 1323 3587 seu

319 3628 447 3710 singula
476 3628 636 3710 singulis?
681 3627 769 3690 Illud
793 3626 921 3689 videtur
943 3634 1058 3710 putare
1082 3626 1241 3691 Beronius
1256 3643 1321 3691 ¹an;

320 3734 394 3796 742.
410 3738 443 3795 et
463 3731 494 3794 ei
512 3731 645 3814 pluralis
665 3730 734 3794 haec
753 3730 840 3793 favet
859 3729 1034 3813 inscriptio.
1082 3730 1146 3794 Sed
1166 3738 1238 3794 tum
1256 3752 1323 3795 non

319 3835 417 3897 unius
438 3842 568 3898 tantum
590 3834 654 3898 loci
676 3833 842 3916 episcopus
864 3833 1081 3897 nominandus
1102 3833 1195 3911 foret,
1211 3853 1322 3897 verum

319 3945 352 4001 et
371 3938 426 4001 alii
445 3939 518 4002 duo.
564 3937 690 4003 Deinde
706 3958 754 4020 ep.
772 3936 963 4001 CXXXIII.
980 3937 1092 4001 eadem
1110 3936 1245 4019 epistola
1262 3942 1322 4014 est,

319 4040 375 4103 sed
405 4049 531 4106 mutato
556 4041 695 4125 episcopi
724 4041 865 4119 nomine,
888 4040 936 4103 ita
959 4046 997 4102 ut
1023 4045 1183 4122 appareat,
1210 4038 1323 4102 eodem

265 4149 267 4151 ’
319 4143 416 4208 modo
445 4144 579 4208 tertium
610 4145 709 4208 etiam
737 4142 919 4225 exemplum
955 4142 1103 4225 episcopo
1132 4141 1323 4224 inscriptum

318 4246 417 4309 fuisse
431 4248 538 4311 tertio.
585 4247 735 4311 Secundo
749 4267 807 4330 pro
822 4245 978 4309 Wittanae
992 4245 1028 4307 in
1043 4245 1118 4309 Bar.
1135 4251 1168 4308 et
1182 4251 1260 4308 tom.
1274 4244 1323 4308 II.

319 4349 441 4412 Concil.
468 4350 589 4432 legitur
613 4351 744 4414 Wittae:
783 4356 896 4431 estque
924 4349 989 4427 ille,
1018 4347 1073 4431 qui
1102 4348 1180 4412 alias
1206 4346 1326 4410 dicitur

319 4453 491 4531 Albuinus,
504 4452 644 4517 Albinus
660 4460 693 4517 et
707 4453 878 4517 Alboinus.
900 4451 1010 4516 Tertio
1024 4451 1112 4515 istud
1129 4450 1324 4517 Barbarauae

320 4577 440 4618 nomen
460 4564 509 4619 est
529 4557 615 4620 illius
637 4557 787 4634 ecclesiae,
804 4555 857 4619 cui
877 4554 1015 4637 praefuit,
1030 4555 1137 4619 Witta
1157 4576 1213 4619 seu
1234 4554 1324 4618 Albi·

798 4662 853 4722 1¹2
