3259 5467
320 689 383 754 172
678 694 759 748 'vrrs
777 704 955 749 nourrsou

314 853 433 918 mentis
458 850 683 916 immobilitate
705 850 867 915 tenenda:
897 870 940 914 ne
963 849 1014 914 vel
1035 848 1155 914 oblivio
1177 849 1318 914 humana

315 963 459 1040 occupet,
489 955 540 1019 vel
569 953 666 1017 etiam
696 952 848 1018 humanoe
881 951 1105 1018 oblectationis
1134 953 1318 1019 illecebrosa

315 1057 486 1122 delectatio
515 1056 693 1139 instigante
730 1055 858 1120 diabolo
894 1054 1079 1140 praepediat.
1141 1055 1251 1122 Quam
1279 1056 1317 1120 ob

315 1181 444 1224 causam
464 1160 518 1223 hic
541 1167 674 1223 sanctus
696 1158 820 1222 domini
842 1159 999 1237 Antiates,
1016 1158 1077 1222 hac
1103 1159 1318 1223 solertissima

315 1263 538 1328 sollicitudinis
553 1285 631 1328 cura
645 1263 830 1347 inspiratus,
842 1261 970 1347 plebem
984 1283 1004 1325 a
1018 1262 1171 1347 pestifera
1185 1263 1319 1327 tortuosi

313 1367 469 1450 serpentis
484 1367 690 1450 persuasione
706 1367 829 1450 eripere
848 1366 982 1445 curavit,
997 1373 1030 1430 et
1045 1365 1319 1431 carolomannum

314 1469 440 1534 Ducem
455 1470 495 1534 ad
511 1469 775 1553 congregandum
795 1468 1017 1552 supradictum
1032 1465 1232 1553 synodorum
1247 1490 1325 1533 con-‚

313 1579 446 1637 ventum
462 1573 634 1656 saepissime
649 1571 841 1636 concitavit:
857 1578 895 1636 ut
906 1579 975 1637 tam
985 1570 1212 1655 presentibus,
1225 1593 1319 1655 quam

312 1674 447 1759 posteris
473 1675 692 1759 spiritualibus
717 1674 864 1739 scientiae
890 1672 1047 1758 sapientia
1071 1681 1263 1758 patesceret,
1287 1682 1319 1739 et

312 1799 422 1842 aversa
431 1778 612 1842 animarum
622 1777 1059 1861 circumventione,'cognitio
1066 1776 1319 1843 Christianitatis

313 1882 540 1947 innotesceret.
857 1941 860 1947 ,
991 1910 995 1915 ·

357 1985 502 2068 Cumque
528 1984 688 2068 quoddam
720 1984 884 2050 canonica
908 1983 1112 2049 rectitudinis
1142 1986 1317 2068 speculum,

312 2087 463 2151 omnibus
478 2087 519 2150 ad
535 2087 716 2170 exemplum
731 2087 884 2171 gradibus
899 2087 982 2152 bene
995 2086 1123 2151 vivendi
1133 2095 1317 2172 opponeret,

313 2197 346 2254 et
361 2190 491 2254 evidens
505 2191 630 2255 cunctis
650 2191 794 2254 veritatis
807 2191 981 2275 vestigium
998 2191 1154 2256 oriretur:
1174 2191 1245 2274 jam
1260 2190 1318 2254 sibi

314 2315 443 2379 suaequc
471 2294 653 2357 infirmitati
681 2294 826 2379 longaevo
859 2293 964 2358 aetatis
1000 2293 1091 2359 senio
1127 2293 1318 2378 decrepitam,

314 2395 441 2460 salubre
456 2396 601 2460 exhibuit
616 2396 796 2475 consilium,
812 2404 846 2461 et
864 2397 960 2481 juxta
977 2396 1201 2462 ecclesiasticae
1216 2397 1316 2480 dispo

314 2498 438 2562 sitionis
466 2499 659 2578 normulam,
683 2500 843 2583 pastorale
870 2499 995 2585 populis
1023 2498 1174 2584 praevidit
1202 2500 1316 2582 magis·

314 2601 450 2665 terium:
480 2607 519 2664 ut
541 2601 606 2666 sive
628 2602 754 2667 vivente
775 2603 842 2681 illo,
858 2603 924 2677 sive
946 2603 1045 2667 etiam
1066 2603 1237 2683 moriente,
1253 2623 1316 2667 me·

314 2703 444 2766 dicinali
468 2704 558 2787 plebs
579 2703 746 2787 pastomm
761 2705 865 2771 officio
884 2705 1019 2771 minim
1036 2713 1170 2786 careret,
1187 2714 1221 2771 et
1239 2706 1317 2770 duos

313 2805 407 2869 bonae
421 2807 589 2871 industriae
602 2807 686 2872 viros
706 2807 747 2872 ad
765 2809 912 2873 ordinem
934 2809 1135 2892 episcopatus
1150 2809 1317 2894 promovit,

312 2909 545 2989 Willibaldum,
562 2919 595 2976 et
611 2911 849 2994 Burghardum,
865 2911 976 2996 eisque
987 2911 1024 2976 in
1038 2911 1166 2976 intimis
1180 2913 1316 2978 orienta·

312 3013 394 3077 lium
409 3014 605 3078 Francorum
624 3014 769 3098 partibus
787 3015 1035 3080 et'Bavarorum
1054 3016 1205 3080 terminis
1219 3017 1316 3081 eccle·

314 3117 375 3182 sias
391 3117 452 3182 sibi
466 3118 650 3182 commissas
666 3116 881 3201 impertiendo
896 3117 1070 3198 distribuit,
1086 3125 1120 3183 et
1130 3119 1317 3185 Willibaldo

314 3243 381 3285 suaa
396 3222 638 3304 gubernationis
657 3221 843 3306 parochiam
862 3221 1099 3287 commendavit
1115 3222 1152 3287 in
1169 3222 1251 3302 loco,
1266 3222 1317 3288 oui

314 3324 505 3388 vocabulum
526 3333 575 3390 est
596 3325 773 3389 Eichstate.
818 3323 1012 3409 Burgbardo
1025 3346 1101 3390 vero
1119 3324 1156 3390 in
1177 3326 1250 3391 loeo
1263 3317 1317 3410 qui

313 3429 645 3511 vocaturWirseburg
657 3427 825 3511 dignitatis
837 3427 978 3493 officium
988 3427 1159 3512 delegavit,
1172 3435 1206 3495 et
1220 3429 1316 3495 ecclc·

314 3529 377 3591 sias
405 3529 442 3591 in
471 3531 618 3594 confiniis
647 3533 855 3610 Francorum,
886 3539 984 3614 atque
1015 3532 1194 3611 Saxonum,
1223 3540 1316 3616 atque

317 3630 502 3695 Sclavorum
518 3655 577 3697 suo
591 3635 694 3698 officio
709 3632 893 3717 deputavit:
917 3641 951 3698 et
970 3628 1129 3718 usquead
1144 3633 1316 3718 gloriosum

315 3733 419 3798 exitus
435 3735 485 3798 sui
499 3735 595 3814 diem,
610 3737 808 3800 incessanter
828 3743 950 3802 arctam
971 3736 1064 3820 regni
1081 3736 1221 3803 coelestis
1235 3737 1316 3803 riam

314 3837 463 3921 plebibus
477 3839 638 3922 patefecit.
877 3892 880 3897 -

359 3941 443 4005 Cum
468 3964 543 4007 vero
567 3942 732 4026 Pippinus,
757 3942 889 4008 domino
914 3943 1067 4022 donante,
1089 3943 1199 4028 regale
1220 3945 1316 4010 Fran·

316 4065 436 4124 corum,
452 4045 529 4108 felix
548 4045 722 4128 supradicti
741 4045 887 4126 germani
910 4066 1081 4124 successor,
1095 4066 1237 4130 regnum
1251 4068 1316 4121 sus

316 4147 446 4230 ciperet,
462 4155 495 4212 et
509 4149 578 4232 jam
593 4148 829 4231 aliquantulum
855 4148 966 4213 sedata
987 4149 1181 4232 populorum
1195 4156 1317 4234 pertur-

315 4250 457 4329 batione,
475 4252 511 4314 in
534 4272 644 4334 regem
667 4250 852 4314 sublevatus
878 4259 971 4330 esset,
993 4251 1091 4335 coepit
1110 4252 1228 4318 anxius
1247 4258 1317 4317 vota

317 4353 447 4417 domino
462 4354 577 4419 devota
589 4355 777 4438 persolvere,
794 4361 828 4418 et
851 4355 1017 4439 synodalia
1037 4355 1211 4421 confestim
1230 4375 1316 4421 recu·

316 4477 427 4538 perare
442 4458 601 4535 instituta,
611 4479 649 4521 ac
663 4457 821 4521 canonica
832 4480 852 4520 a
863 4480 1016 4541 germano
1031 4478 1090 4522 suo
1101 4459 1198 4542 juxta
1207 4460 1316 4537 exhor,-

317 4560 474 4625 tationem
483 4562 585 4625 sancti
594 4560 752 4626 Bonifacii
763 4561 1003 4646 Archiepiscopi
1012 4560 1151 4628 fideliter
1159 4562 1318 4640 inchoata,
