3259 5467
613 705 655 748 ar
671 705 839 748 unnrrms
854 706 1015 748 concurr.
1272 694 1310 752 21

314 849 481 914 hominem
510 850 631 914 factum
657 857 716 930 est,
743 872 810 914 non
838 850 936 915 homo
964 857 1094 935 propter
1123 852 1313 917 sabbatum:

312 953 423 1039 itaque
444 954 604 1018 Dominus
628 959 677 1018 est
700 954 784 1017 filius
807 954 946 1017 hominis
971 955 1068 1019 etiam
1092 956 1226 1020 sabbati.
1271 958 1314 1020 Et

313 1079 389 1121 oum
402 1059 439 1121 in
454 1078 617 1142 synagoga
631 1057 853 1122 observassent
868 1079 943 1121 eum
959 1060 979 1121 J
981 1059 1073 1137 udaei,
1090 1060 1117 1122 si
1130 1059 1166 1122 in
1181 1059 1314 1124 sabbato

313 1167 450 1240 curaret,
465 1169 504 1224 ut
519 1169 706 1225 accusarent
721 1183 806 1240 eum,
823 1162 868 1225 ait
887 1161 1011 1225 homini
1030 1162 1164 1227 habenti
1180 1185 1313 1227 manum

313 1265 457 1345 aridam3
483 1265 586 1348 Surge
604 1265 640 1328 in
660 1265 813 1343 medium,
830 1270 862 1328 et
878 1265 955 1329 dicit
970 1266 1033 1329 eis:
1061 1266 1152 1330 Licet
1173 1267 1313 1331 sabbatis

312 1366 517 1431 benefacere
536 1390 579 1431 an
597 1368 705 1431 male?
740 1368 893 1431 Animam
915 1370 1032 1432 salvam
1052 1369 1165 1449 facere,
1182 1393 1224 1434 an
1243 1392 1314 1454 per·

313 1471 413 1534 dere?
443 1470 489 1534 At
504 1471 551 1534 illi
565 1471 727 1535 tacebant.
768 1473 812 1535 Et
828 1472 1083 1556 circumspiciens
1099 1495 1152 1537 eos
1167 1495 1241 1537 cum
1256 1474 1313 1552 ira,

312 1575 522 1638 contristatus
542 1583 637 1658 super
656 1576 833 1640 caecitatem
854 1576 957 1639 cordis
977 1598 1098 1655 eorum,
1114 1577 1191 1640 dicit
1210 1577 1313 1642 homi-

312 1678 366 1741 ni:
397 1680 535 1742 extende
558 1701 692 1742 manum
715 1686 826 1742 tuam:
857 1687 889 1742 et
913 1680 1074 1743 extendit:
1106 1687 1138 1743 et
1163 1682 1314 1744 restituta

312 1787 362 1844 est
375 1802 493 1845 manus
507 1781 604 1844 illius.
641 1783 727 1846 Item
744 1782 922 1846 secundum
937 1784 1059 1847 Lucam
1075 1786 1312 1867 evangelistam,

312 1891 382 1949 erat
399 1886 494 1948 Jesus
510 1885 627 1948 docens
642 1885 678 1948 in
695 1907 859 1970 synagoga
878 1907 989 1950 eorum
1008 1886 1159 1965 sabbatis,
1175 1895 1208 1950 et
1223 1910 1312 1951 cura-

312 1990 359 2052 vit
387 1988 434 2051 ibi
463 1989 641 2067 mulierem,
671 2011 743 2072 quae
772 1989 912 2053 habebat
942 1990 1089 2073 spiritum
1117 1991 1313 2056 infirmitatis

312 2091 407 2154 annis
430 2091 539 2156 decem
561 2097 595 2155 et
617 2099 699 2156 octo.
744 2094 828 2155 Dam
842 2113 914 2175 erpa
930 2094 1054 2174 iadipae
1063 2093 1187 2174 ferrent
1201 2097 1312 2174 Jadaa',

313 2196 360 2258 ait
374 2197 420 2258 eia
429 2223 439 2258 .·
462 2196 651 2277 Hypoaa'tae‚
666 2198 871 2278 aaasqaisqae
887 2203 1021 2260 vestram
1039 2197 1166 2261 sabbato
1181 2219 1241 2262 aaa
1254 2202 1313 2262 sot-

311 2305 362 2362 aet
374 2299 477 2362 boam
487 2320 584 2377 raam,
595 2306 649 2363 aat
661 2301 781 2362 asinam
793 2321 813 2363 a
821 2297 984 2382 praesepio,
995 2306 1025 2363 et
1037 2301 1122 2364 daait
1133 2303 1315 2385 adaquare?

311 2402 405 2465 Haac
425 2409 527 2466 autem
540 2401 644 2483 fissam
660 2403 796 2466 Adraha
818 2424 878 2466 aaa
899 2406 1035 2485 oportuit
1055 2407 1132 2468 salai
1153 2427 1173 2468 a
1195 2408 1313 2470 atacalo

309 2505 369 2569 ista
396 2505 447 2568 die
475 2504 625 2568 sabbati?
656 2507 767 2570 Etiam
791 2527 851 2588 pro
876 2506 938 2570 hoc
967 2506 1155 2572 erubescant
1186 2510 1291 2573 Judaei
1303 2537 1311 2587 3

311 2607 435 2687 videtis,
450 2608 606 2672 carissimi
625 2609 729 2688 nobis,
745 2609 821 2693 quia
835 2609 995 2672 Dominus
1015 2631 1072 2693 pro
1091 2612 1153 2674 hoc
1173 2613 1313 2676 sabbatis

311 2710 515 2794 operabatur,
539 2711 615 2794 quia
635 2733 695 2775 nos
717 2711 773 2794 qui
796 2711 970 2775 Christiani
993 2735 1113 2792 sumus,
1136 2716 1313 2778 secundum

310 2813 454 2877 litteram
475 2813 645 2878 sabbatum
665 2814 834 2878 observare
855 2837 923 2879 non
945 2815 1107 2880 debemus.
1139 2818 1313 2882 Christiani

312 2917 400 2980 enim
421 2916 592 2980 sabbatum
614 2918 781 2981 observare
802 2918 850 2981 ita
873 2918 1043 2982 debemus:
1074 2920 1234 2985 abstinere
1253 2945 1313 2986 nos

312 3020 476 3104 arapim's,
493 3042 513 3083 a
525 3020 702 3099 fraudibus,
718 3043 738 3084 a
752 3021 909 3105 perjuriis,
925 3043 944 3084 a
963 3021 1177 3105 blasphemiis,
1194 3024 1233 3088 ab
1252 3026 1312 3087 illi-

311 3123 384 3187 citis
405 3123 512 3202 rebus,
538 3145 558 3186 a
581 3145 715 3187 munere
741 3125 926 3207 accipiendo
953 3146 1048 3206 super
1072 3126 1269 3206 innocentes,
1295 3150 1314 3190 a

311 3227 438 3310 jurgiis.
484 3227 723 3291 Fomicationes
747 3227 834 3290 enim
859 3229 904 3292 sic
922 3228 1103 3306 timeamus,
1125 3229 1206 3292 siout
1228 3252 1313 3294 mor-

312 3337 379 3394 tem
388 3357 398 3409 3
422 3352 495 3414 quae
509 3352 577 3394 non
595 3331 736 3394 animam
757 3331 849 3395 solvit
870 3353 888 3394 a
908 3352 1047 3414 corpore,
1063 3332 1120 3395 sed
1134 3332 1191 3395 ubi
1204 3334 1313 3400 anima

312 3455 438 3518 semper
464 3434 555 3497 ardet
581 3455 655 3498 cum
681 3455 822 3518 corpore.
867 3435 1008 3499 Obsecro
1032 3457 1087 3499 vos
1112 3457 1169 3519 per
1193 3459 1313 3503 nomen

312 3537 399 3620 quod
424 3558 520 3621 super
541 3558 596 3600 vos
621 3538 807 3602 invocatum
829 3544 900 3616 est3
929 3560 987 3621 per
1011 3547 1219 3620 sacramenta,
1243 3565 1313 3626 quae

313 3640 489 3724 accepistis,
511 3645 550 3703 ut
572 3662 627 3704 eos
649 3641 832 3722 imitemini,
852 3663 931 3724 quos
953 3643 989 3705 in
1009 3644 1127 3726 populo
1147 3644 1209 3708 Dei
1230 3646 1313 3712 bene

312 3765 407 3827 agere
421 3743 590 3822 videbitis3
617 3751 655 3808 ut
669 3745 755 3808 issius
771 3752 1007 3809 sacramentum
1021 3753 1151 3811 maneat
1164 3749 1200 3810 in
1214 3750 1313 3830 robis,

311 3847 368 3931 qui
382 3847 423 3912 de
437 3846 528 3930 ligno
543 3847 735 3912 descendere
749 3849 863 3928 noluit,
878 3856 912 3912 et
933 3849 973 3913 de
988 3851 1132 3933 sepulcro
1145 3872 1312 3934 resurgere

311 3950 465 4034 dignatus
480 3956 539 4014 est.
585 3952 652 4017 Qui
664 3951 743 4016 vivit
758 3959 790 4016 et
805 3959 922 4036 regnat
937 3975 1011 4018 cum
1026 3954 1123 4018 Patre
1140 3961 1173 4018 et
1190 3956 1312 4038 Spiritu

312 4060 433 4134 sancto,
448 4054 484 4118 in
500 4055 615 4120 saecula
629 4056 828 4121 saeculorum.
