3259 5467
610 738 763 782 aucroas
780 738 1009 780 wrnmnanno.
1253 720 1312 782 181

314 1084 488 1168 [Hactenus
502 1081 774 1163 Francofiarteasis
788 1082 900 1145 Oodec.
912 1081 969 1145 aed
980 1082 1015 1145 in
1035 1082 1202 1147 Occisiaac
1212 1084 1315 1167 Inpol·

538 1186 689 1250 stadieari
703 1186 862 1250 addicatur
876 1188 940 1249 laec
947 1207 984 1267 p.
1000 1186 1092 1270 385.]

354 1391 586 1454 Euuunasrrs
600 1388 701 1471 igitur
719 1388 807 1453 beati
821 1387 881 1451 viri
896 1389 1004 1468 gestis,
1014 1388 1137 1472 ,quibus
1154 1389 1190 1453 in
1207 1389 1314 1454 infan-

311 1494 356 1558 tia
378 1501 411 1557 et
430 1493 570 1577 pueritia
586 1493 636 1556 vel
656 1491 872 1556 adolescentia
889 1499 922 1555 et
941 1492 1122 1575 juventute,
1139 1499 1197 1558 aut
1216 1494 1314 1557 etiam

310 1595 347 1660 in
366 1603 532 1660 senectute
547 1595 707 1673 floruerat,
724 1595 765 1658 ad
785 1615 833 1672 ea,
850 1616 922 1678 quae
939 1602 1011 1677 post
1034 1617 1198 1660 emensam
1217 1597 1315 1681 hujus

311 1699 427 1762 mundi
447 1704 578 1776 metam,
594 1704 627 1761 et
646 1698 773 1761 felicem
795 1697 869 1761 vitae
886 1697 980 1762 istius
999 1698 1169 1762 decumum
1185 1699 1314 1764 mirabi-

312 1803 387 1865 liter
402 1801 610 1865 annuendam
626 1800 817 1865 mortalibus
835 1800 923 1866 beati
936 1800 996 1864 viri
1010 1802 1084 1866 vitae
1099 1803 1314 1881 sanctitatem,

312 1905 455 1969 Domino
475 1911 666 1988 cooperante
688 1910 818 1987 peracta
838 1910 924 1982 sunt,
940 1903 1116 1982 redeamus,
1140 1911 1173 1968 et
1194 1896 1315 1969 memo·

311 2007 412 2071 rabile
443 2007 602 2091 quoddam
638 2007 840 2084 miraculum,
870 2007 1059 2090 populisque
1088 2007 1245 2072 imitabile
1273 2009 1316 2072 ad

312 2111 501 2173 memoriam
518 2109 712 2187 reducimus,
730 2110 815 2193 quod
836 2116 868 2172 et
886 2131 906 2172 a
927 2109 1064 2196 glorioso
1080 2111 1169 2192 Rege
1190 2111 1315 2194 Pipino,

313 2217 397 2279 sicut
422 2215 499 2300 ipsis
526 2215 587 2278 sibi
611 2214 831 2290 referentibus,
853 2214 909 2296 qui
930 2213 1006 2277 huic
1027 2221 1201 2297 praesentes
1224 2221 1317 2280 erant

312 2319 478 2398 miraculo,
499 2326 689 2401 conpertum
707 2325 765 2396 est,
785 2323 819 2382 et
843 2317 884 2381 ad
903 2339 962 2380 nos
984 2339 1086 2401 usque
1108 2339 1165 2401 per
1185 2339 1316 2382 venera·

313 2422 411 2486 bilem
432 2423 537 2486 virum
557 2422 633 2484 Lull
653 2421 850 2503 Episcopum
875 2420 1018 2484 delatum
1039 2428 1097 2485 est.
1142 2423 1252 2505 Atque
1269 2423 1317 2487 ita

312 2527 382 2609 ipso
404 2526 578 2589 nuntiante
599 2524 797 2600 intimatum,
822 2522 907 2607 quod
926 2523 962 2587 in
982 2525 1061 2602 locu,
1077 2525 1134 2589 ubi
1153 2527 1316 2609 quondam

311 2629 471 2712 pretiosus
495 2628 528 2690 S.
551 2627 706 2711 Martyris
727 2627 847 2690 effusus
866 2634 914 2690 est
935 2628 1065 2710 sanguis
1087 2650 1161 2692 cum
1184 2629 1316 2694 consilio

310 2731 424 2814 plebis,
441 2739 538 2814 atque
553 2731 694 2813 ingentis
715 2731 814 2814 partis
837 2731 947 2814 populi
961 2733 1139 2796 Fresonum
1155 2740 1318 2797 structura

314 2834 481 2918 cujusdam
504 2834 623 2896 tumuli
644 2841 775 2918 propter
795 2834 970 2897 immensas
995 2835 1112 2899 ledonis
1135 2858 1172 2900 ac
1195 2838 1317 2900 molina

312 2937 518 3021 irruptiones,
543 2958 614 3019 quae
637 2937 760 3000 diverso
781 2936 869 2999 inter
891 2957 924 2999 se
947 2936 1059 3000 ordine
1081 2939 1179 3001 maris
1201 2946 1316 3002 aestum

314 3041 501 3123 Oceanique
518 3061 695 3119 recursum,
712 3040 767 3102 sed
785 3046 819 3102 et
839 3025 994 3122 aquarum
1011 3038 1250 3119 diminutiones,
1265 3041 1315 3104 in·

312 3143 522 3226 fusionesque
537 3150 749 3221 commovent,
762 3142 802 3205 ab
819 3141 883 3205 imo
897 3141 933 3204 in
948 3141 1109 3204 excelsum
1124 3163 1226 3225 usque
1241 3163 1316 3206 con-

314 3253 501 3326 strueretur,
518 3267 725 3330 supervquem
745 3245 884 3328 denique
898 3243 1085 3322 Ecclesiam,
1102 3244 1184 3308 sicut
1205 3251 1318 3327 postea

314 3354 442 3432 gestum
457 3357 516 3428 est,
532 3356 695 3414 exstruere
706 3347 902 3432 cogitabant,
918 3368 955 3411 ac
970 3367 1133 3411 servorum
1148 3347 1210 3411 Dei
1225 3348 1316 3412 habi·

313 3453 471 3516 tationem
494 3454 530 3516 in
555 3453 625 3517 loco
656 3452 769 3516 eodem
791 3451 956 3515 collocare.
1017 3449 1081 3513 Sed
1103 3472 1178 3514 cum
1203 3451 1316 3534 praefa.

314 3563 387 3619 tum
410 3555 548 3619 colliculi
568 3577 647 3638 opus
658 3557 727 3639 jam
743 3577 781 3618 ex
801 3555 929 3637 integro
947 3553 1152 3632 aedificarent,
1169 3559 1202 3618 et
1221 3575 1317 3620 omne

315 3658 432 3742 quippe
462 3657 632 3722 aedificium
661 3659 761 3742 ipsius
790 3665 960 3722 structurae
985 3658 1192 3742 complerent,
1219 3659 1317 3724 etiam

316 3760 358 3824 ad
384 3782 417 3824 se
440 3761 568 3839 reversi,
599 3761 676 3844 quid
704 3761 819 3824 incolae
847 3760 1107 3845 habitatoresque
1130 3762 1192 3825 loci
1216 3762 1317 3846 ipsius

317 3863 357 3927 de
377 3863 507 3928 insulsae
526 3864 661 3947 penuria
683 3864 834 3948 lymphae,
852 3886 924 3946 quae
945 3886 1003 3949 per
1024 3885 1154 3930 omnem
1173 3865 1317 3930 Fresiam

316 3967 492 4031 maximam
520 3974 589 4031 tam
618 3966 814 4046 hominibus,
845 3988 943 4049 quam
972 3967 1070 4031 etiam
1096 3966 1317 4032 animantibus

316 4070 538 4134 difficultatem
575 4071 691 4154 gignit,
720 4071 806 4134 inter
843 4092 877 4134 se
913 4071 1051 4135 invicem
1088 4071 1295 4154 disputarunt
1307 4097 1316 4148 ;

315 4181 388 4237 tum
418 4174 550 4238 demum
581 4197 667 4238 unus
701 4175 844 4239 Domino
874 4175 1057 4253 miserante,
1089 4173 1144 4256 qui
1172 4174 1317 4255 {officium

315 4278 512 4360 praefecturae
542 4278 720 4341 secundum
748 4278 908 4343 indictum
938 4277 1068 4361 gloriosi
1096 4274 1180 4360 regis
1210 4276 1318 4361 Pipini

316 4402 412 4463 super
425 4403 545 4464 pagum
560 4381 729 4464 locumque
743 4381 836 4444 illum
852 4381 993 4464 gerebat,
1003 4386 1036 4444 et
1050 4379 1198 4463 princeps
1212 4381 1317 4464 operis

315 4483 415 4567 ipsius
431 4490 499 4547 erat
514 4483 646 4547 nomine
660 4482 766 4562 Abba,
776 4483 913 4566 sumptis
928 4505 1037 4548 secum
1052 4482 1181 4565 collegis
1196 4504 1315 4566 equum

314 4586 468 4666 ascendit,
499 4608 536 4650 ac
566 4586 799 4670 circumagrato
830 4586 919 4665 colle,
949 4586 1138 4670 tumuloque
1170 4586 1316 4670 inspecto
