3259 5467
538 702 621 746 vrrs
638 703 678 745 rer
695 704 904 747 uanrraruu
922 703 946 747 s.
965 696 1106 748 n1v1u1.'
1251 688 1313 751 129

311 845 366 924 qui
390 845 425 907 iu
449 843 554 908 diebus
576 845 649 907 suia·
657 845 780 925 placuit
804 845 881 922 Deo,
906 849 936 907 et
965 844 1105 907 inventus
1131 847 1177 907 eat
1197 845 1313 926 justus,

312 947 466 1010 Necdum
488 955 598 1011 antem
627 948 695 1010 haec
719 946 827 1010 divina
852 946 949 1010 verba
971 946 1099 1010 finierat
1122 953 1234 1012 sancta
1258 949 1314 1012 illa

311 1071 383 1127 vox,
399 1072 474 1114 cum
489 1050 597 1114 subito
617 1051 763 1133 apparuit
784 1070 880 1132 super
900 1057 995 1132 caput
1013 1049 1187 1113 venerandi
1204 1051 1313 1114 Ponti-

312 1155 382 1217 ficis
397 1155 505 1218 Irivini
519 1176 636 1218 corona
649 1154 747 1216 rutilo
763 1175 841 1216 auro
864 1161 896 1216 et
917 1153 1160 1217 coruscantibus
1179 1154 1314 1237 gemmis

312 1259 499 1341 composita,
515 1280 552 1322 ac
566 1256 774 1321 vernantibus
789 1257 915 1321 intexta
928 1256 1070 1335 fioribus,
1083 1262 1115 1320 et
1130 1257 1265 1321 internis
1280 1268 1313 1323 et

312 1361 464 1439 externis,
481 1367 514 1424 et
529 1360 666 1443 desuper
679 1359 848 1442 purpureis
865 1380 1011 1422 rosarum
1031 1359 1189 1424 coloribus
1208 1361 1314 1425 lucide

294 1461 297 1469 ’
312 1465 451 1547 perfusa,
468 1470 609 1528 astantes
623 1463 803 1545 fragrantia
818 1484 884 1526 suae
899 1462 1064 1526 suavitatis
1079 1463 1221 1546 replevit.

360 1567 432 1630 Hoc
450 1568 548 1631 etiam
569 1565 795 1650 praefigurabat
805 1565 880 1656 'fore
900 1565 1120 1629 beatissimum
1136 1567 1229 1630 illum
1243 1567 1313 1631 An·

313 1671 453 1734 tistitem
478 1671 613 1754 dignum
637 1670 757 1734 Christi
782 1672 965 1754 Martyrem
990 1669 1138 1733 futurum
1161 1670 1196 1733 in
1222 1692 1313 1737 roseo

313 1774 473 1856 sanguine
502 1775 552 1838 sui
580 1774 727 1858 martyrii
758 1773 904 1852 fluidum,
935 1779 967 1837 et
1005 1773 1185 1838 diademate
1220 1775 1314 1858 regni

313 1878 438 1942 coelesti
463 1877 691 1955 coronandum,
715 1877 751 1940 in
780 1876 979 1940 confessione
1004 1876 1190 1960 Martyrum
1218 1877 1314 1943 beata

312 1981 556 2045 immortalitate
581 1981 757 2044 fruiturum
782 1979 819 2043 in
841 1979 966 2043 saecula.
1019 1979 1185 2043 Gloriosus
1199 1980 1314 2064 igitur

314 2084 466 2148 Pontifex
494 2084 627 2149 Lirinus
653 2085 728 2168 jura
756 2083 922 2167 regiminis
952 2083 1093 2146 Domino
1117 2084 1312 2151 concedente

313 2187 431 2251 humili
445 2188 613 2252 devotione
628 2187 814 2271 suscipiens,
831 2186 989 2270 spirituali
1007 2207 1115 2251 amore
1131 2209 1312 2269 succensus,

314 2312 447 2374 gregem
470 2313 536 2355 suae
560 2313 646 2355 curae
669 2290 878 2355 commissum
903 2290 977 2368 fide,
1005 2311 1060 2373 spe
1084 2297 1117 2354 et
1146 2291 1312 2372 charitate,-

313 2395 500 2478 caeterisque
509 2394 687 2458 Dominicae
698 2393 851 2477 jussionis
863 2393 1106 2472 eruditionibus,
1116 2393 1186 2459 sine
1197 2395 1312 2478 quibus

314 2498 357 2561 ad
382 2499 519 2581 patriam
543 2498 698 2561 claritatis
721 2505 850 2561 aeternae
871 2518 939 2560 uon
960 2497 1153 2581 pervenitur,
1177 2499 1314 2564 discreta

314 2601 434 2685 pietate
456 2601 616 2684 vigilando
638 2601 817 2679 admonuit,
833 2599 951 2679 docuit,
967 2600 1114 2679 correxit,
1131 2608 1228 2685 atque
1241 2625 1312 2688 per·
1362 2621 1366 2627 ·

315 2712 421 2789 petuae
436 2705 605 2769 viriditatis
618 2704 736 2789 pabulo
750 2704 884 2787 largiter
900 2703 1021 2768 refecit.
1059 2705 1206 2769 Coelestis
1221 2728 1311 2770 nam·

315 2830 377 2892 que
391 2809 545 2887 medicus,
561 2809 644 2872 sicut
661 2808 784 2871 animas
802 2829 934 2871 suorum
954 2808 1107 2872 medicari
1126 2810 1243 2873 solebat
1265 2811 1313 2876 ita

314 2918 348 2976 et
364 2933 449 2994 aegra
459 2913 636 2975 multorum
647 2932 779 2995 corpora
789 2910 1065 2974 incolumitatibus
1077 2911 1227 2978 humanis
1238 2915 1312 2979 vitae

315 3037 454 3098 superna
476 3015 648 3079 clementia
675 3022 833 3099 praesente
859 3013 1058 3078 restituebat.
1112 3014 1205 3078 Inter
1234 3017 1312 3081 alias

314 3119 414 3183 etiam
439 3118 666 3201 praeconandas
689 3120 879 3182 meritorum
903 3139 1035 3181 suorum
1059 3117 1204 3196 virtutes,
1226 3127 1312 3202 post-

315 3242 412 3305 quam
434 3222 615 3285 Pontificali
633 3222 756 3285 honore
776 3220 967 3284 sublimatus
987 3225 1045 3298 est,
1062 3220 1194 3285 Domini
1209 3222 1314 3304 gratia

315 3324 537 3408 cooperatrice,
552 3325 621 3388 haec
636 3324 777 3407 insignia
791 3330 941 3407 operatus
956 3329 1004 3386 est
1019 3323 1181 3389 miracula.
1303 3381 1304 3384 ,

360 3427 501 3492 Quidam
514 3429 740 3511 paterfamilias
758 3427 930 3510 Scotigena
943 3426 1065 3491 Abdias
1080 3426 1211 3492 nomine
1221 3450 1313 3512 para.

314 3531 431 3614 lyticns
454 3532 575 3614 pariter
598 3538 631 3596 et
654 3533 807 3615 leprosus,
830 3530 982 3613 omnique
1007 3552 1070 3593 usu
1094 3532 1313 3598 membrorum

315 3635 500 3714 destitutuS,
517 3635 561 3699 sic
575 3642 787 3719 praemortuus
803 3634 943 3698 existens
954 3655 1011 3718 per
1024 3655 1139 3698 novem
1151 3657 1262 3715 annos,
1274 3642 1313 3702 ut

314 3759 375 3802 nec
396 3739 543 3822 linguam
565 3739 606 3802 ad
627 3738 825 3822 loquendum
846 3759 982 3816 movere,
998 3759 1059 3801 nec
1081 3760 1195 3802 manus
1214 3740 1255 3806 ad
1277 3762 1314 3804 os
1401 3724 1403 3726 ,

313 3842 486 3925 porrigere,
510 3863 615 3925 neque
637 3841 734 3925 pedes
763 3841 805 3904 ad
835 3863 868 3905 se
898 3840 1086 3905 contrahere
1116 3848 1231 3924 posset,
1256 3844 1313 3908 sed

314 3952 405 4008 totus
424 3945 552 4029 jacebat
577 3945 701 4029 rigidus
724 3945 759 4008 in
782 3945 925 4028 grabato,
945 3951 977 4008 et
1000 3945 1083 4008 nihil
1103 3945 1199 4010 vitale
1221 3947 1256 4011 in
1278 3969 1312 4013 se

314 4048 465 4127 habebat,
480 4070 540 4113 nec
554 4048 673 4113 mobile
687 4055 804 4131 praeter
819 4070 864 4126 os,
880 4054 914 4112 et
934 4048 1051 4126 oculos,
1068 4069 1205 4130 quorum
1224 4051 1311 4116 nuti-

314 4152 376 4216 bus
391 4151 451 4216 sibi
465 4152 652 4229 necessaria,
667 4152 719 4214 vix
733 4152 891 4216 innuebat
904 4151 1059 4235 praestari.
1105 4151 1188 4215 Cum
1203 4160 1312 4222 autem
1334 4164 1337 4171 ’

315 4256 463 4339 egregius
492 4256 624 4335 Praesul,
648 4256 743 4340 hujus
771 4255 820 4320 rei
850 4255 962 4339 gratia,
990 4253 1215 4337 glorificandus
1240 4279 1312 4341 per.

315 4367 442 4444 agraret
463 4361 567 4439 ovilia,
592 4360 700 4424 ovium
720 4382 852 4424 suarum
877 4360 996 4443 pabula
1019 4366 1147 4423 aeternae
1169 4360 1243 4426 vitae
1266 4363 1313 4428 eis

316 4462 579 4539 administrando,
595 4483 671 4525 casu
691 4461 817 4525 itineris
839 4462 889 4538 sui
911 4461 1042 4525 domum
1063 4460 1148 4524 illius
1167 4461 1311 4546 languidi

316 4566 458 4644 intravit,
477 4572 509 4630 et
532 4565 573 4629 ad
595 4565 663 4649 ejus
685 4564 856 4633 introitum
878 4587 952 4630 mox
973 4565 1119 4629 infirmus
1140 4564 1195 4632 ille
1210 4576 1312 4652 ,caput
