3259 5467
704 721 742 764 su
758 720 948 765 nrrsronas.
1260 703 1325 766 209

319 871 360 927 ut
372 864 427 926 W.
436 863 473 926 in
487 884 626 945 marg:
634 885 666 946 p.
676 863 729 941 68,
739 862 762 924 l.
775 865 827 926 12.
841 863 1013 944 Agrestem
1028 861 1203 947 caballum]
1219 863 1325 929 “Duo

319 967 373 1030 hic
387 987 543 1049 equorum
558 986 678 1048 genera
691 965 888 1043 indicantur,
904 972 1041 1048 agreste,
1054 964 1276 1045 domesticum,
1291 973 1325 1033 et

319 1074 495 1152 utrumque
510 1090 531 1132 a
545 1067 737 1151 quibusdam
752 1067 991 1145 comedebatur,
1002 1075 1099 1152 prout
1114 1068 1212 1133 etiam
1226 1075 1324 1134 testa·

318 1183 376 1238 tur
390 1176 470 1239 Otto
485 1175 698 1258 Frisingensis
712 1175 734 1238 l.
750 1175 782 1239 6.
793 1196 827 1238 c.
845 1177 897 1238 10.
912 1175 1066 1238 Erasmus
1083 1175 1184 1240 Stella
1198 1177 1220 1240 l.
1238 1179 1268 1240 1.
1283 1177 1324 1243 de

320 1278 482 1356 Borussia‚
496 1278 550 1340 adi
564 1284 594 1342 et
600 1277 691 1358 feros
708 1278 826 1340 Graccis
839 1278 961 1360 ignotos
974 1298 1066 1361 equos
1087 1278 1132 1342 ait
1146 1285 1177 1342 et
1191 1280 1230 1344 de
1247 1281 1324 1345 Tor-

318 1384 401 1446 taris
429 1388 559 1446 constat.
606 1381 672 1445 Sed
699 1381 758 1444 has
787 1387 822 1444 et
851 1380 971 1445 similes
1000 1382 1087 1465 leges
1117 1383 1227 1448 audire
1256 1405 1324 1448 non

318 1492 425 1569 potest
439 1485 533 1548 famis
541 1492 686 1568 tempore
697 1491 810 1548 venter
820 1484 996 1562 famelicus,
1008 1485 1091 1549 utin
1102 1485 1325 1553 obsidionibus

317 1588 484 1653 interdum
508 1593 541 1651 4.
566 1589 647 1670 Reg.
673 1591 704 1653 7.
730 1589 782 1651 13.
807 1595 841 1651 et
866 1587 953 1671 apud
978 1588 1219 1654 Perdinandum
1245 1590 1323 1656 Cor-

317 1692 437 1755 tesium
454 1712 540 1756 narr.
557 1691 611 1756 2.”
626 1692 680 1755 W.
696 1692 717 1754 l.
736 1694 787 1757 17.
804 1693 869 1756 Pro
883 1691 1093 1776 obeuntibus]
1123 1697 1144 1729 “
1152 1694 1231 1759 Non
1247 1695 1324 1759 sim-

317 1795 444 1878 pliciter
480 1796 607 1879 quaesiit
646 1796 679 1858 S.
710 1794 907 1873 Bonifacius,
944 1801 1062 1859 essetne
1094 1817 1157 1878 pro
1193 1798 1324 1862 mutuis

318 1900 495 1962 orandam?
526 1898 654 1962 Sciebat
669 1899 757 1962 enim
771 1897 806 1961 id
822 1918 891 1962 esse
905 1898 1073 1981 optimum,
1090 1898 1176 1963 acin
1191 1899 1324 1964 ecclesia
1343 1965 1345 1970 ,

317 2009 389 2066 tota
409 2003 673 2085 receptissimum,
695 2009 791 2085 prout
812 2001 984 2085 saepissime
1006 2008 1103 2066 antea
1121 2001 1260 2067 vidimus
1281 2003 1324 2068 ad

317 2106 411 2188 epist.
427 2105 553 2168 XXIV.
568 2125 762 2188 rursumque
776 2125 845 2168 non
858 2104 1030 2188 ignorabat
1049 2125 1108 2188 pro
1128 2105 1265 2169 ethnicis
1285 2125 1323 2172 ac

316 2207 501 2271 infidelibus
516 2208 652 2272 mortuis
666 2207 788 2271 frustra
801 2228 912 2291 preces
926 2208 1009 2273 fieri:
1026 2208 1082 2271 sed
1097 2208 1234 2292 rogavit:
1250 2230 1323 2274 oum

310 2332 375 2393 pro
393 2313 580 2376 Christianis
598 2312 745 2386 omuibus,
761 2313 983 2394 quotacunque
1001 2313 1027 2375 is'
1047 2317 1157 2390 eareat,
1172 2313 1323 2377 orandam

307 2414 423 2494 foret?
456 2414 642 2498 Respondet
666 2415 769 2497 igitur
792 2415 961 2479 Pontifex:
995 2436 1056 2479 noa
1086 2415 1236 2479 orandam
1258 2436 1322 2498 pro

316 2519 477 2597 hereticis,
492 2519 550 2581 sed
558 2538 621 2599 pro
643 2519 716 2580 aliis
733 2518 871 2581 onradus
885 2520 973 2582 cruri
987 2539 1090 2601 posse,
1106 2520 1198 2602 idque
1213 2519 1323 2584 bomem

316 2641 355 2684 oo
377 2621 417 2684 ab
434 2623 562 2685 ecclesia
581 2627 744 2702 receptam.
791 2622 913 2705 Impios
931 2623 1018 2686 enim
1034 2629 1128 2687 vocat
1143 2622 1322 2702 haereticos,

316 2731 354 2788 ut
369 2746 409 2788 ex
423 2746 461 2788 eo
475 2732 575 2808 patet,
592 2725 678 2807 quod
692 2745 746 2788 eos
766 2723 940 2789 Catholicis
960 2727 1134 2809 opponat.”
1148 2728 1203 2791 W.
1220 2748 1251 2810 p.
1266 2727 1321 2806 68,

315 2828 402 2892 127.
415 2828 608 2910 Progeniem
622 2848 696 2892 vero
710 2828 765 2891 W.
777 2827 813 2891 in
829 2828 994 2912 marg.=l.
1010 2831 1063 2907 30,
1076 2829 1183 2894 devita
1196 2851 1239 2894 ne
1253 2851 1321 2894 am-

314 2930 400 3013 plius
415 2931 469 2994 cui
482 2930 632 2994 mulieres
647 2929 786 2994 obierint
801 2930 928 2994 duabus
943 2929 1058 2995 debeat
1073 2931 1216 3014 copulari
1227 2932 1270 2996 W
1284 2932 1321 2996 in

314 3033 668 3116 marg.:“Aduutatio
693 3032 731 3096 P.
757 3031 871 3097 Jacobi
899 3032 1062 3097 Sirmondi
1086 3033 1120 3097 S.
1145 3034 1177 3096 J.
1223 3033 1321 3100 Hanc

315 3137 494 3220 Epistulam
517 3136 693 3200 Gratianus
721 3135 808 3201 idem
840 3137 882 3198 16
906 3143 1018 3220 quaest.
1047 3139 1076 3200 1.
1101 3135 1326 3219 Prmcipimus,·

316 3241 472 3323 Gregorio
477 3238 600 3324 juniori
611 3237 771 3304 attribuit.
809 3237 885 3304 Quo
893 3239 1026 3304 nomine
1035 3239 1111 3304 licet
1127 3238 1321 3321 Gregorium

314 3344 383 3407 III.
399 3343 567 3426 designare
586 3340 750 3407 interdum
767 3344 918 3423 solerent,
934 3349 972 3407 ut
994 3342 1078 3421 dixi3
1100 3342 1189 3406 hunc
1208 3349 1320 3406 tamen

315 3470 334 3511 a
350 3446 508 3510 Gratiano
522 3467 589 3510 non
602 3446 741 3529 intelligi
756 3468 794 3510 eo
808 3445 922 3530 liquet,
938 3445 1024 3530 quod
1038 3445 1185 3515 eamdem
1199 3444 1318 3530 episto·

313 3551 380 3614 lam
410 3550 567 3633 Gregorio
596 3548 644 3614 II.
675 3549 794 3614 diserte
822 3549 947 3619 tribuat
979 3552 1029 3615 13.
1059 3557 1172 3633 quaest.
1198 3540 1230 3614 2.
1261 3570 1320 3634 pro

314 3653 510 3717 obeuntibus
524 3659 558 3716 et
573 3652 614 3716 de
628 3659 803 3717 consecrat.
819 3651 894 3716 dist.
909 3655 940 3717 4.
957 3673 1037 3737 quos
1053 3675 1074 3717 a
1086 3652 1229 3738 paganis.
1274 3653 1319 3719 Et

314 3756 471 3820 Gratiano
499 3756 595 3834 favet,
625 3756 711 3839 quod
739 3755 775 3819 in
805 3755 998 3840 quibusdam
1025 3756 1253 3840 manuscriptis
1282 3756 1318 3820 in

312 3859 410 3942 hujus
426 3859 567 3942 epistolae
581 3859 646 3922 fine
661 3858 800 3942 legitur:
824 3861 977 3942 bacasque
994 3860 1164 3941 &aporiae
1178 3879 1199 3922 a
1212 3859 1319 3941 primo

311 3963 470 4040 menodoro,
486 3963 559 4025 binc
575 3961 744 4044 Gregorius
758 3982 779 4024 a
799 3963 931 4027 secundo
942 3962 1064 4044 junior,
1078 3961 1113 4025 id
1127 3967 1177 4026 est
1190 3955 1316 4026 tertius.

313 4064 440 4129 Quibus
459 4065 563 4128 verbis
580 4064 736 4148 Gregorio
751 4062 799 4130 II.
814 4065 981 4150 perspicue
1000 4063 1202 4129 adscribitur.
1248 4063 1318 4130 Gae-

311 4175 418 4231 terum
435 4168 584 4251 Gregorii
599 4168 666 4232 III.
683 4168 852 4258 epistolam
866 4188 944 4247 esse,
959 4168 1011 4232 vol
1025 4167 1114 4231 missi
1129 4166 1171 4231 ad
1185 4167 1318 4232 Bonifa-

312 4271 399 4334 oium
414 4271 504 4355 pallii
518 4271 642 4335 mentio
656 4271 807 4336 declarat.
840 4271 981 4335 Missum
996 4270 1113 4354 quippe
1128 4291 1148 4334 a
1160 4269 1317 4353 Gregorio

311 4375 379 4438 III.
402 4374 503 4439 tradit
526 4381 638 4438 auctor
656 4375 730 4439 vitae
748 4373 908 4439 Boniiacii
927 4373 984 4438 lib.
1001 4375 1029 4438 Ι.
1045 4394 1113 4458 cap.
1129 4375 1183 4437 31.
1229 4370 1318 4437 Huic

311 4499 389 4560 ergo
412 4478 531 4542 rectius
552 4477 588 4540 iu
612 4477 724 4541 eadem
748 4477 815 4542 vita
838 4476 994 4542 tribuitur
1017 4483 1051 4541 et
1075 4476 1161 4560 apud
1183 4473 1316 4542 Ivonem

311 4588 402 4662 parte
420 4584 471 4644 10.
487 4602 555 4664 cap.
574 4581 669 4645 179.”
692 4581 744 4643 W.
893 4575 896 4585 ’
