3259 5467
624 725 776 768 sacrorn
794 725 1020 768 wrmrunaue.
1254 707 1314 767 155

312 870 537 936 advenientem
552 873 675 954 Regem
688 870 881 934 Radbcdum
896 871 1054 934 alldcutus
1064 878 1133 935 est:
1158 880 1190 936 et
1204 873 1318 935 multis

309 974 441 1038 illarum
461 973 705 1038 circumvallatis
726 995 763 1037 ac
785 974 963 1057 conspectis
981 972 1141 1037 terrarum
1160 971 1315 1058 partibus,

310 1084 424 1141 utrum
439 1078 499 1142 sibi
513 1079 550 1141 in
568 1079 716 1142 futurum
734 1077 981 1161 praedicationis
993 1078 1118 1161 uspiam
1139 1086 1316 1163 patesceret

308 1183 409 1260 locus,
433 1183 649 1266 perquireret:
682 1202 926 1265 proponensque
947 1182 1072 1258 auimo„
1086 1189 1124 1245 ut
1145 1181 1171 1245 si
1195 1202 1259 1265 qua
1280 1182 1315 1245 in

311 1293 404 1368 parte
427 1286 525 1370 hujus
553 1285 664 1369 populi
687 1285 855 1367 Evangelii
880 1280 1058 1368 patesceret
1087 1286 1203 1364 aditus,
1228 1281 1321 1349 verbi

312 1389 376 1453 Dei
391 1390 515 1462 semina
533 1387 740 1452 ministraret.
786 1387 884 1454 Quod
903 1389 1001 1452 etiam
1016 1388 1127 1452 multis
1146 1389 1324 1453 transactis

313 1497 473 1555 annorum
493 1491 669 1570 canicunis,
693 1492 831 1574 gloriosa
856 1491 998 1577 martyrii
1027 1492 1209 1556 testificatio
1232 1506 1322 1556 com-¹

312 1594 471 1677 probavit.
1206 1592 1208 1597 ’

359 1698 424 1762 Sed
439 1699 519 1781 quia
532 1705 717 1763 sanctorum
737 1698 1035 1781 singulare'muuua
1055 1705 1105 1762 est
1116 1696 1317 1775 >sanctitatis

313 1808 353 1865 ut
367 1801 447 1864 dum
462 1801 639 1884 adtempus
654 1822 750 1864 suum
765 1801 835 1866 sine
851 1801 1025 1884 spiritualis
1039 1801 1148 1883 rigore
1164 1796 1317 1883 germinis

314 1903 459 1968 laborem
481 1904 614 1969 minime
635 1904 811 1988 pollentem
830 1901 1039 1988 prospiciunt,
1056 1903 1096 1967 ad
1113 1903 1176 1967 alia
1189 1926 1327 1988 prorsus-

315 2009 396 2086 loca,
411 2007 561 2072 foecuudo
575 2007 696 2072 laboris
715 2029 789 2072 cum
804 2007 913 2071 fructu
933 2007 1085 2090 migrant,
1101 2008 1253 2091 quoniam
1269 2008 1319 2071 in-

315 2132 443 2174 cassum
462 2111 663 2175 inhabitatur
677 2111 776 2189 locus,
793 2111 820 2174 si
835 2119 868 2175 et
882 2110 1005 2174 fructus
1024 2111 1116 2174 deest
1129 2110 1317 2174 sanctitatis.

318 2215 458 2278 Sanctus
478 2214 564 2280 enim
587 2216 644 2294 vir,
668 2214 746 2278 dum
766 2215 910 2279 sterilem
932 2214 1127 2297 aliquamdiu
1149 2216 1319 2278 Fresorum

315 2327 437 2382 terram
473 2318 680 2398 inhabitaret,
705 2327 738 2383 et
775 2318 895 2382 aestatis
932 2318 1145 2401 autumnique
1175 2319 1318 2402 aliquan-

316 2423 426 2486 tulum
439 2428 566 2506 tempus
577 2423 774 2506 praeteriret:
793 2423 863 2505 jam
872 2421 961 2484 arida
969 2422 1105 2486 coelestis
1116 2415 1187 2486 rore
1198 2423 1319 2486 foecun-

317 2525 427 2589 ditatis
447 2526 619 2610 reliquerat
640 2547 724 2604 arva,
743 2533 776 2588 et
794 2524 836 2588 ad
854 2522 972 2604 natale,
995 2525 1060 2590 suis
1081 2544 1189 2589 secum
1210 2548 1326 2609 supra·-

317 2629 411 2693 dictis
435 2628 680 2707 conviatoribus,
701 2629 805 2692 solum
825 2625 984 2711 migravit,
1005 2650 1042 2693 ac
1062 2631 1249 2694 monasterii
1271 2630 1321 2694 sui

318 2740 442 2796 secreta
467 2741 591 2816 petens,
616 2733 714 2797 etiam
740 2731 870 2810 ibidem,
899 2734 1031 2797 secundi
1060 2734 1217 2818 siquidem
1242 2735 1322 2798 anni

319 2837 469 2921 hyemem
491 2836 739 2921 tripudiantium
761 2836 898 2900 fratrum
922 2858 1030 2901 amore
1051 2847 1227 2922 susceptus,
1245 2838 1321 2922 hye-

320 2941 440 3004 mando
462 2939 672 3022 transegerat,
694 2946 733 3002 ut
755 2940 974 3023 Apostolieam
997 2941 1146 3005 Doctoria
1175 2942 1322 3024 gentium

318 3064 429 3107 vocem
443 3043 625 3108 imitaretur
639 3042 797 3106 dicentis:
819 3044 870 3106 Ibi
884 3044 964 3105 mim
979 3045 1129 3106 comtitui-
1137 3046 1290 3124 hyemare.

319 3352 437 3414 Curua
459 3349 500 3413 V.
548 3351 734 3424 Quantulum
746 3356 863 3432 tempus
877 3355 1080 3413 commoratus
1099 3356 1154 3429 eat,
1170 3356 1200 3413 et
1212 3354 1335 3431 postea,

364 3456 409 3518 ud
431 3455 561 3517 &mam
586 3475 654 3518 cum
680 3454 939 3518 commendatitiis
960 3454 1110 3536 Episcopi
1134 3455 1182 3517 mi
1211 3454 1333 3517 titteris=

357 3559 512 3640 pemati.
1123 3575 1126 3580 “

364 3763 599 3826 Tuauscuusrs
611 3763 680 3847 jam
695 3782 734 3824 ex
748 3768 841 3845 parte
856 3763 958 3826 sancti
978 3763 1037 3826 viri
1051 3762 1234 3841 virtutibus,
1251 3761 1325 3824 sub-

319 3866 487 3949 sequentia
508 3866 587 3949 ejus,
618 3865 889 3949 quemadmodum
918 3888 987 3930 rem
1010 3867 1215 3950 rumigerulis
1244 3864 1324 3929 refe-

319 3968 467 4032 rentibus
493 3975 617 4051 gestam
638 3968 862 4052 comperimur,
884 3976 1035 4053 patenter
1052 3969 1260 4052 proferimus:
1286 3975 1324 4030 ut

322 4065 511 4156 apertioi'in
527 4079 720 4156 perpetuum
740 4072 813 4135 vitae
826 4094 1017 4156 morumque
1035 4073 1104 4155 ejus
1119 4070 1161 4134 ad
1180 4092 1326 4134 normam

321 4182 442 4241 sanctae
456 4177 706 4242 conversationis
720 4177 808 4240 illius
823 4177 1032 4241 tendentibus
1046 4180 1155 4258 pateat
1170 4173 1267 4237 callis.

365 4281 513 4364 Cumque
535 4281 650 4364 ingens
667 4280 937 4364 peregrinationis
959 4279 1115 4361 exegisset
1145 4276 1325 4353 discrimen,

322 4384 553 4468 gurgitumque
582 4384 680 4446 maris
709 4384 859 4448 evasisset
889 4382 1102 4467 dispendium,
1128 4387 1162 4444 et
1190 4379 1327 4443 fratrum

323 4509 457 4551 suorum
471 4488 590 4551 iterum
604 4508 749 4551 reversus
771 4509 810 4551 se.
821 4487 964 4551 societati
987 4485 1136 4563 dedisset,
1153 4503 1327 4565 eorumque

322 4590 535 4656 contubernio
555 4591 624 4654 dies
642 4589 759 4655 'deinde
780 4577 935 4674 plurimos
949 4587 1154 4673 injunxisset,
1168 4587 1256 4670 gravi
1272 4586 1326 4649 de·

801 4694 856 4756 att
