3259 5467
692 696 729 739 1n
747 697 933 745 smsrosss.
1248 682 1310 744 197

311 862 352 905 ex
373 841 420 906 eis
441 841 550 926 plures
571 841 700 925 reperit,
715 842 828 906 relicta
847 841 1039 907 Christianae
1059 842 1222 926 religionis
1244 844 1310 908 cul-

310 953 396 1025 tura,
421 946 515 1010 variis
541 945 701 1009 erroribus
727 946 916 1029 implicatos.
961 945 1028 1010 Alii
1050 968 1191 1030 namque
1215 946 1311 1030 lignis

256 1103 259 1110 Α
311 1056 345 1113 et
359 1049 503 1113 fontibus
518 1049 601 1112 clam
615 1049 665 1112 vel
682 1056 791 1132 aperte
803 1049 1044 1128 sacrificabant3
1067 1050 1120 1114 alii
1134 1072 1208 1114 vero
1223 1073 1311 1114 arus-

310 1151 395 1235 picia
419 1158 453 1215 et
479 1151 699 1230 divinationes,
723 1151 886 1235 praestigia
909 1159 942 1215 et
964 1152 1200 1217 incantationes
1224 1175 1312 1217 excr-

311 1255 448 1333 cebant;
470 1254 565 1338 pauci
585 1276 660 1319 vero
678 1255 714 1318 in
735 1254 787 1319 via
808 1254 961 1334 veritatis,
984 1277 1080 1339 quam
1103 1257 1202 1320 semel
1224 1278 1311 1330 acce·

309 1366 436 1442 perant,
455 1360 682 1443 perstiterunt;
709 1358 826 1422 horum
848 1380 908 1442 ope
929 1365 962 1423 et
984 1360 1116 1426 consilio
1138 1361 1312 1446 quamdam

310 1462 402 1526 mirae
421 1462 655 1545 magnitudinis
674 1462 831 1542 arborem,
848 1484 919 1546 quae
936 1485 1137 1546 paganorum
1158 1464 1311 1528 vocabulo

312 1565 407 1630 arbor
427 1565 515 1629 Jovis
535 1566 796 1649 compellabatur,
812 1567 848 1629 in
868 1566 937 1630 loco
959 1566 1121 1645 Gesmare,
1138 1567 1234 1631 servis
1249 1568 1312 1631 Dei

312 1691 422 1733 secum
436 1669 639 1734 adstantibus
657 1669 820 1733 succidere
839 1669 987 1734 tentavit.
1032 1669 1157 1753 Magna
1170 1692 1311 1754 pagano·

312 1795 386 1836 rum
401 1781 480 1837 tunc
499 1773 674 1836 multitudo
694 1772 865 1851 concurrit,
880 1773 916 1836 iu
937 1780 1086 1838 sanctum
1105 1775 1208 1836 virum
1227 1775 1311 1839 Deo-

312 1887 387 1939 rum
402 1897 533 1939 suorum
546 1876 715 1940 inimicum
734 1876 856 1940 irruere
873 1877 1017 1941 volentes
1025 1902 1035 1954 ;
1058 1876 1115 1940 sed
1129 1897 1202 1940 cum
1216 1876 1312 1940 vidis-

313 1986 386 2043 sent
402 1979 547 2043 arborem
561 1980 729 2063 paululum
748 1980 885 2044 incisam
904 2002 977 2045 mox
998 1980 1034 2043 in
1049 1987 1186 2063 quatuor
1205 1987 1312 2063 partes

313 2082 502 2166 disruptam,
518 2103 647 2147 omnem
662 2082 849 2166 abjicientes
866 2083 1022 2147 malitiam
1036 2083 1072 2145 in
1086 2104 1197 2146 verum
1211 2082 1312 2147 credi·

313 2186 390 2249 dere
412 2186 530 2250 Deum.
575 2186 626 2248 Ex
650 2185 711 2249 hac
733 2185 860 2268 ingenti
886 2185 1007 2249 arboris
1030 2186 1114 2249 mole
1137 2187 1312 2251 oratorium

313 2294 520 2353 construxere
534 2288 570 2351 in
584 2288 706 2352 honore
721 2289 825 2353 sancti
840 2289 929 2353 Petri
944 2288 1159 2352 dedicatum.'’
1175 2289 1219 2352 W

358 2393 421 2475 Ep.
437 2395 488 2470 ll,
505 2392 651 2475 Epistola
670 2392 814 2476 ejusdem
836 2393 943 2458 Caroli
957 2392 1102 2456 Martelli
1116 2415 1147 2476 p.
1163 2395 1216 2472 37,
1231 2392 1253 2456 l.
1271 2395 1311 2457 19

313 2494 565 2559 Mundeburdio.
589 2495 673 2559 “Sic
687 2495 722 2558 in
734 2496 851 2560 Codice
863 2496 919 2560 sed
933 2496 970 2560 in
984 2497 1044 2561 hac
1055 2496 1167 2561 eadem
1178 2496 1312 2579 epistola

312 2599 363 2664 bis
389 2598 668 2662 Mundeburdium
695 2599 855 2664 scribitur.
901 2600 1086 2684 Utrumque
1115 2600 1247 2681 bonum,
1273 2608 1312 2665 ut

313 2703 359 2767 ait
373 2703 409 2765 in
423 2702 528 2766 verbis
547 2702 727 2766 feudalibus
744 2701 983 2767 Hotomannus.
1028 2705 1088 2768 Est
1103 2710 1213 2768 autem
1231 2705 1312 2769 illud

312 2807 396 2871 nihil
418 2806 515 2885 aliud,
537 2828 632 2889 quam
653 2807 835 2890 procuratio
857 2809 907 2871 vel
928 2809 1094 2891 protectio.
1139 2810 1182 2873 Et
1204 2809 1311 2872 Mam·

312 2910 435 2994 burgus
449 2917 611 2995 protector
632 2911 682 2974 vel
704 2909 885 2975 advocatus.
930 2910 973 2974 In
992 2911 1131 2975 formula
1149 2911 1242 2995 regni
1262 2933 1312 2976 ac-

313 3015 399 3098 cepti
419 3036 439 3078 a
458 3015 584 3079 Bosone
605 3013 691 3097 apud
712 3014 798 3078 Guil.
815 3013 1013 3077 Paradinum
1030 3015 1052 3077 l.
1075 3017 1104 3077 1.
1149 3015 1310 3096 Buryocd.

313 3118 452 3182 omnibus
473 3123 508 3180 ot
530 3118 700 3196 mansura,
724 3119 829 3199 apem,
843 3118 1004 3200 justitiam
1026 3123 1056 3180 et
1070 3123 1194 3180 >rectum
1215 3138 1310 3180 mam-

314 3222 455 3303 burgium
475 3222 646 3284 auxiliante
660 3221 730 3285 Deo
746 3221 939 3285 commeabo.
985 3220 1027 3283 In
1042 3220 1187 3284 Caesareo
1204 3219 1312 3284 codice

312 3332 385 3409 post
406 3324 509 3389 varios
531 3323 629 3387 libros
651 3331 684 3388 et
706 3331 863 3389 tractatus
883 3331 932 3388 est
950 3323 1125 3388 Williberti
1146 3323 1313 3407 cujusdam

313 3428 444 3493 donatio
458 3429 544 3492 faeta
559 3427 743 3491 Coloniensi
762 3428 914 3493 Ecclesiae
931 3428 964 3491 S.
981 3427 1069 3492 Petri
1087 3449 1172 3492 anno
1187 3429 1261 3495 871.
1277 3427 1313 3491 in

313 3553 413 3616 eaque
436 3532 482 3596 sic
500 3531 637 3614 legitur:
660 3539 695 3595 ut
715 3533 760 3594 cis
779 3532 836 3595 sub
859 3531 1031 3614 defensioue
1054 3543 1084 3596 et
1108 3531 1313 3605 mundeburde

312 3637 410 3718 ἱρείω
431 3636 579 3698 Ecclesiae
601 3642 631 3698 et
652 3636 708 3699 cub
731 3638 784 3699 olo
806 3635 979 3717 Pontificio,
1002 3637 1056 3717 poi
1081 3641 1145 3700 tum
1167 3637 1313 3718 tempora

312 3740 425 3802 ididam
433 3759 568 3820 praesse
582 3740 736 3802 ridetur.”
752 3739 805 3802 W.

356 3843 447 3906 “Vir
461 3842 666 3926 Apostolicus
686 3843 775 3906 omni
789 3849 978 3926 paupertate
993 3864 1119 3926 pressus
1136 3844 1222 3909 inter
1236 3866 1313 3927 gen-

312 3946 385 4010 tiles
411 3947 505 4025 feros,
531 3946 673 4009 immites
699 3953 732 4010 ct
758 3953 900 4029 agrestes
925 3946 961 4010 in
985 3948 1056 4011 Deo
1080 3947 1147 4010 solo
1168 3948 1314 4012 'confisus

313 4050 480 4133 negotium
500 4051 613 4114 salutis
636 4049 836 4133 operabatur.
884 4049 1014 4114 Interea
1038 4049 1191 4113 Numinis
1210 4050 1314 4134 provi-

313 4153 424 4217 dentia
438 4153 555 4218 direxit
570 4153 714 4218 fidelium
729 4154 863 4232 animos,
880 4153 935 4237 qui
949 4153 990 4217 ad
1004 4153 1097 4217 illum
1111 4154 1312 4233 vestimenta,

313 4257 367 4320 alii
382 4257 423 4321 ad
437 4257 558 4322 victum
574 4258 700 4341 stipem,
711 4256 809 4322 libros
825 4257 888 4336 alii,
906 4257 959 4321 alii
974 4277 1048 4320 vero
1063 4257 1313 4324 consolationem

313 4361 634 4445 exhortationemque
663 4361 779 4426 litteris
808 4360 1087 4446 impartiebantur.
1133 4360 1226 4425 Inter
1254 4362 1314 4427 hos

314 4464 432 4528 Daniel
454 4465 508 4529 ille
532 4465 704 4528 Ventanus
728 4464 764 4529 in
790 4465 911 4548 Anglia
936 4463 1130 4548 Episcopus,
1147 4465 1203 4549 qui
1228 4486 1313 4530 com-

314 4567 521 4632 mendatitias
535 4566 583 4631 illi
597 4568 664 4633 vice
679 4568 783 4652 prima
798 4569 937 4632 Romam
951 4568 1165 4652 proficiscenti
1180 4568 1221 4633 ad
1234 4569 1312 4633 Gre-
