3259 5467
601 700 642 744 nr
658 701 834 746 ueneram
849 700 1036 750 saltuosas.-
1275 690 1319 754 97

312 852 564 929 prosternuntur
587 846 674 926 vitia,
698 847 924 912 humiliabitur
953 868 1036 925 caro,
1064 849 1182 916 diaboli
1211 857 1318 919 tenta-

312 956 426 1023 menta
448 949 632 1017 vincuntur.
676 951 789 1018 Nolite
818 952 981 1037 negligere
1004 953 1146 1020 animam
1168 962 1319 1036 vennam,

313 1053 370 1118 sed
390 1053 474 1119 siout
493 1054 582 1118 carni
599 1060 722 1143 vestrae
741 1075 784 1120 ne
806 1055 943 1135 deficiat,
964 1056 1051 1124 eibos
1074 1057 1216 1141 quotidie
1237 1081 1318 1143 prae·

312 1155 419 1220 betis:
442 1157 487 1220 sic
503 1158 622 1221 mentis
636 1164 749 1222 restrae
764 1159 952 1241 quotidiana
972 1159 1128 1232 elimenta
1146 1160 1233 1228 bona
1253 1162 1320 1230 sint

313 1279 421 1341 opera.
466 1259 547 1323 Cibo
567 1281 682 1343 corpus
701 1262 853 1344 pascitur,
874 1262 928 1345 pio
950 1282 1045 1346 opere
1063 1263 1194 1347 spiritus
1213 1265 1320 1328 nutri·

315 1369 408 1440 atur;
432 1362 517 1445 quod
536 1364 701 1428 moriturae
718 1365 808 1428 carni
827 1364 981 1445 tribuitis,
996 1366 1129 1432 victurae
1150 1368 1186 1431 in
1206 1388 1319 1453 perpe·

313 1473 410 1528 tuum
434 1466 549 1530 animae
572 1489 640 1532 non
666 1467 802 1550 negetis.
847 1468 926 1531 Vita
949 1470 1089 1553 corporis
1113 1471 1223 1536 anima
1249 1479 1318 1537 est:

312 1566 381 1630 vita
396 1569 511 1633 animae
526 1571 616 1634 Deus
631 1576 687 1648 est,
703 1577 737 1634 et
757 1571 840 1634 sicut
858 1591 972 1655 corpus
989 1579 1156 1637 mortuum
1176 1582 1225 1638 est
1248 1575 1319 1640 sine

314 1671 434 1749 anima,
454 1672 501 1736 ita
524 1672 633 1736 anima
654 1680 783 1737 mortua
804 1679 854 1737 est
878 1673 947 1738 sine
972 1675 1055 1739 Deo.
1099 1676 1179 1740 Ideo
1205 1677 1319 1742 Jesum

316 1773 484 1838 Christum
506 1777 695 1840 salvatorem
718 1783 867 1840 nostrum
889 1776 1065 1842 habeamus
1087 1778 1123 1842 in
1144 1779 1239 1843 corde
1260 1801 1320 1864 per

315 1897 415 1958 opera
437 1878 532 1957 bona,
547 1886 585 1942 ut
609 1878 751 1943 animam
774 1886 920 1943 nostram
943 1885 976 1943 et
996 1901 1111 1963 corpus
1132 1902 1319 1948 conservare

316 1977 480 2062 dignetur.
536 1982 676 2044 Rectum
701 1987 750 2044 est
775 1981 951 2064 unicuique
980 1981 1112 2065 diligere
1140 1983 1320 2050 Dominum

315 2082 424 2146 Deum
443 2105 482 2147 ex
501 2091 571 2148 toto
591 2085 694 2164 corde,
711 2105 750 2148 ex
769 2090 840 2148 tota
856 2091 976 2163 mente,
992 2091 1124 2169 totaque
1139 2085 1268 2167 virtute,
1285 2095 1319 2152 et

317 2186 501 2268 proximum
526 2187 610 2252 sicut
634 2187 775 2272 seipsum
786 2214 796 2266 ;
819 2188 990 2272 nullusque
1015 2189 1077 2253 hoc
1099 2189 1192 2253 alteri
1212 2190 1320 2271 faciat,

316 2290 403 2372 quod
424 2289 485 2353 sibi
503 2291 573 2354 fieri
593 2312 661 2355 non
679 2291 760 2354 vult.
805 2290 941 2369 Idcirco,
960 2290 1124 2371 carissimi,
1145 2291 1260 2372 videte,
1280 2300 1319 2358 ut

317 2392 482 2456 mundetis
502 2394 598 2458 corda
616 2401 731 2472 vestra,
748 2400 781 2457 et
803 2400 841 2457 ut
865 2395 1028 2478 castigetis
1050 2416 1182 2479 corpora
1202 2403 1319 2476 vestra,

314 2503 354 2560 ut
380 2496 472 2579 digni
496 2496 680 2560 habeamini
705 2497 1026 2580 Spiritum-sanctum
1049 2499 1201 2582 accipere,
1224 2500 1317 2584 cujus

314 2599 473 2664 habitatio
489 2606 522 2663 et
537 2599 651 2664 domus
663 2601 750 2677 estis,
759 2606 847 2664 recte
858 2601 1025 2665 credentes
1037 2607 1070 2666 et
1080 2601 1164 2666 bene
1174 2609 1318 2686 agentes,

315 2727 383 2769 non
397 2704 553 2784 mortalis,
569 2704 626 2768 sed
640 2711 761 2768 aeterna
776 2704 961 2787 spiritualis.

357 2813 390 2872 4.
414 2808 565 2891 Vigilate,
581 2807 706 2885 fratres,
724 2807 760 2870 in
778 2807 868 2871 omni
890 2828 985 2890 opere
1004 2807 1100 2887 bono,
1122 2807 1260 2872 retinete
1279 2807 1316 2872 in

315 2911 471 2975 memoria
486 2932 557 2994 quae
572 2909 705 2974 audistis
720 2910 755 2974 in
772 2910 1000 2994 praedieatione
1018 2911 1130 2975 salutis
1146 2917 1268 2990 vestra,
1284 2919 1319 2976 et

314 3015 411 3078 facite
431 3036 502 3097 qnae
520 3020 680 3098 praecepta
699 3020 786 3077 sunt.
833 3013 962 3078 Habete
977 3013 1144 3077 Christum
1158 3015 1194 3077 in
1209 3014 1316 3093 corde,

315 3125 348 3181 et
372 3116 503 3199 signum
525 3124 644 3180 sanctae
668 3117 770 3180 crucis
793 3117 829 3180 in
851 3116 969 3180 fronte.
1014 3116 1139 3179 Multos
1161 3115 1319 3180 habemus

314 3222 462 3285 inimicos
476 3219 660 3298 invisibiles,
677 3220 732 3301 qui
752 3241 883 3283 cursum
904 3225 1055 3282 nostrum
1072 3218 1226 3300 impedire
1242 3239 1320 3282 con-

314 3325 466 3403 tendunt,
483 3331 516 3388 et
535 3325 665 3408 laqueos
683 3323 897 3387 subversionis
918 3344 984 3387 suae
1003 3329 1131 3406 ponunt
1144 3322 1180 3385 in
1194 3321 1319 3385 itineri-

315 3428 376 3492 bus
402 3428 531 3507 nostris,
557 3435 595 3491 ut
624 3428 765 3492 irretitos
792 3427 1018 3492 dilectionibus
1044 3427 1148 3490 noxiis
1172 3448 1319 3509 gressum

314 3532 388 3595 vitae
409 3531 503 3595 nobis
525 3530 756 3595 intercludant.
802 3531 925 3595 Contra
945 3530 1004 3593 hos
1027 3530 1193 3612 signaculo
1215 3531 1320 3594 crucis
1355 3519 1361 3530 ’

316 3634 438 3697 Christi
452 3640 574 3697 armate
589 3654 654 3711 vos,
671 3633 822 3716 quiahoc
838 3640 886 3697 est
902 3634 988 3716 quod
1002 3633 1134 3716 fugiunt
1152 3640 1185 3697 et
1200 3618 1334 3699 timent¹

314 3736 450 3819 maligni
465 3737 607 3820 spiritus,
623 3736 747 3799 inimici
761 3736 873 3814 nostri,
891 3737 967 3819 quia
980 3757 1038 3820 per
1051 3736 1113 3801 hoc
1128 3737 1258 3820 signum
1272 3736 1321 3800 illi

316 3839 462 3904 damnati
475 3847 562 3917 sunt,
578 3861 635 3923 per
654 3840 716 3903 hoc
735 3845 768 3902 et
791 3861 851 3902 nos
871 3839 999 3903 liberati
1020 3861 1141 3904 sumus.
1187 3840 1260 3904 Hoc
1278 3839 1319 3903 ad

315 3964 412 4006 omne
434 3965 514 4026 opus
536 3944 678 4026 primum
700 3964 868 4025 ponamus,
888 3942 949 4006 hoc
973 3943 1169 4006 dormientes
1190 3941 1318 4005 muniat

316 4056 349 4109 et
364 4045 534 4128 vigilantes
549 4055 670 4109 armet:
693 4066 735 4110 ne
754 4045 849 4109 nobis
867 4045 1023 4109 insidians
1043 4045 1144 4109 hostis
1159 4044 1321 4107 dormien-

314 4148 402 4212 tibus
426 4149 477 4212 vel
498 4148 706 4232 vigilantibus
728 4149 764 4211 in
786 4149 894 4232 aliquo
915 4149 1047 4231 negotio
1069 4148 1170 4230 possit
1191 4167 1319 4211 nocere.

316 4253 404 4315 Nam
435 4259 468 4316 et
497 4273 554 4316 rex
579 4259 698 4331 noster,
724 4252 786 4315 hoc
812 4259 861 4315 est
888 4253 984 4316 lesus
1014 4250 1172 4328 Christus,
1199 4249 1227 4313 si
1256 4270 1320 4313 nos

314 4355 430 4418 viderit
444 4376 502 4439 pro
521 4376 723 4438 quacumque
745 4355 954 4419 tribulatione
974 4356 1025 4418 vel
1046 4360 1137 4417 metu
1159 4353 1199 4416 ad
1222 4373 1319 4416 suum

315 4460 481 4522 convolare
496 4459 657 4537 vexillum,
673 4459 783 4522 statim
801 4480 861 4522 nos
882 4458 996 4521 dextra
1016 4455 1169 4541 potentiae
1190 4476 1256 4519 snae
1274 4454 1315 4536 ab

314 4562 402 4626 omni
432 4561 623 4627 adversitate
651 4562 688 4625 in
716 4562 845 4626 laudem
875 4567 908 4625 et
935 4561 1069 4643 gloriam
1095 4558 1237 4624 nominis
1264 4558 1314 4623 sui
