3259 5467
330 688 395 750 210
584 705 679 749 nora
695 705 735 748 rr
752 705 868 750 vnn1n
884 706 1080 751 nncrionns.

371 850 432 932 Ep.
448 848 500 913 26.
526 845 759 932 Smnnncnos]
784 851 805 882 “
819 847 889 911 Rex
903 848 966 913 fuit
979 849 1243 916 occidentalium
1260 853 1328 916 Sax-

327 974 437 1030 onum,
452 950 538 1035 apud
553 971 632 1033 quos
647 949 765 1014 Daniel
779 950 967 1033 Episcopus
984 951 1024 1015 de
1040 974 1104 1034 quo
1120 974 1230 1038 supra.
1275 956 1329 1020 Isti

325 1077 399 1119 vero
421 1053 633 1118 occidentales
652 1052 850 1116 vocabantur
869 1053 1010 1118 Gevisse.
1027 1055 1108 1119 Bed.
1124 1056 1147 1119 1.
1164 1060 1196 1121 3.
1214 1057 1290 1122 hist.
1305 1080 1327 1122 c.

325 1162 355 1223 7.
380 1178 496 1240 eosque
520 1156 561 1219 ad
586 1155 684 1219 fidem
710 1155 928 1220 Christianam
954 1159 1122 1236 convertit,
1147 1166 1182 1222 et
1208 1162 1327 1244 primus

293 1333 299 1340 .
324 1283 436 1325 eorum
456 1259 622 1343 episeopus
644 1258 707 1321 fuit
730 1257 881 1341 Byrinus,
896 1259 949 1323 cui
967 1261 1120 1324 successit
1142 1263 1329 1346 Agilbertus

326 1364 449 1441 Gallus,
465 1362 540 1425 huic
555 1360 655 1438 Wini,
671 1360 747 1424 huic
761 1360 980 1439 Eleutherius‚
995 1370 1033 1427 ut
1047 1363 1171 1428 ibidem
1186 1367 1234 1430 ait
1245 1367 1331 1430 Beda

323 1467 393 1531 etl.
409 1470 440 1529 4.
457 1487 484 1528 c.
503 1467 553 1528 12.
599 1464 743 1530 Quintus
757 1484 832 1527 vero
848 1465 1013 1547 episcopus
1028 1466 1091 1531 fuit
1114 1465 1239 1532 Heddi.
1255 1469 1328 1533 ibid.

325 1570 441 1633 Sextus
462 1568 580 1632 Daniel
599 1574 632 1630 et
654 1566 855 1630 Aldhelmus.
900 1567 990 1630 Nam
1011 1569 1081 1651 ejus
1102 1572 1257 1653 parochia
1277 1594 1329 1635 seu

291 1748 293 1750 .
324 1673 466 1736 dioeeesis
481 1671 516 1734 in
532 1670 611 1734 duos
625 1670 688 1734 fuit
704 1669 804 1733 divisa
819 1669 1019 1753 episcopatus
1035 1673 1056 1736 1.
1073 1675 1106 1736 5.
1123 1694 1152 1737 c.
1171 1676 1223 1739 19.
1268 1676 1327 1738 Sed

321 1776 374 1839 hie
396 1782 468 1859 post
490 1795 592 1837 annos
616 1772 676 1836 IV.
699 1781 847 1837 mortuus
874 1795 1090 1839 successorem
1112 1776 1232 1842 habuit
1254 1779 1327 1842 For-

321 1880 423 1943 there.
439 1878 516 1941 ibid.
533 1883 566 1941 et
581 1899 608 1940 c.
624 1877 682 1939 ult.
700 1897 737 1940 ac
756 1877 792 1939 in
811 1876 898 1959 Epit.
914 1877 990 1941 huic
1012 1900 1086 1942 vcro
1109 1901 1153 1943 an
1177 1883 1327 1945 successit

321 1982 539 2058 Erenwaldus,
556 1981 595 2044 de
611 2001 674 2062 quo
688 1979 764 2042 hic?
802 2001 845 2043 an
865 2001 940 2044 cum
959 1980 1015 2045 illo
1032 1981 1144 2045 idem?
1184 1985 1237 2048 De
1253 1986 1326 2048 For-

323 2086 435 2149 thereo
456 2107 505 2166 ep.
526 2086 577 2146 58.
594 2091 627 2147 et
642 2084 695 2145 66.
736 2082 952 2147 Mebillonius
976 2085 1046 2148 Sec.
1070 2082 1133 2149 III.
1159 2087 1326 2151 Benedict.

321 2196 403 2272 part.
415 2189 463 2251 II.
478 2188 513 2250 in
529 2185 801 2251 observationibus
815 2186 940 2268 praeviis
956 2187 997 2249 ad
1012 2187 1113 2251 vitam
1123 2188 1157 2251 S.
1170 2190 1327 2254 Bonifacii

320 2314 410 2355 num.
426 2291 525 2354 VIII.
543 2290 672 2353 deducit
688 2310 727 2352 ex
740 2288 801 2352 hac
822 2289 972 2371 epistola:
997 2290 1200 2372 Sipebatdum
1214 2294 1327 2373 Repem

318 2396 514 2476 Bonifaes'um
529 2395 602 2475 jam
623 2394 657 2455 ia
683 2393 866 2455 Cismaries‘s
881 2393 1028 2473 pertibus
1051 2396 1254 2458 constitutam
1278 2418 1325 2461 ro-

314 2519 415 2579 yasse
430 2503 465 2558 ut
483 2498 548 2577 ejus
565 2498 725 2576 episeom
746 2501 833 2573 esset,
848 2496 905 2558 sed
917 2495 1116 2577 Bomfaes'em
1139 2518 1209 2560 eam
1224 2499 1324 2581 dipsi-

319 2606 414 2662 tatem
427 2619 593 2675 recusasse,
609 2620 646 2660 sse
657 2599 820 2679 pontisiam
834 2599 1024 2661 conversioni
1039 2600 1166 2663 deesset.
1214 2603 1323 2665 Veram

317 2724 354 2765 ee
369 2703 497 2783 epistota
513 2723 573 2764 nors
588 2723 607 2764 a
624 2702 787 2783 Styebutdo
801 2703 894 2783 Repe,
910 2702 967 2764 sest
986 2723 1006 2764 a
1027 2703 1194 2784 Styebeldo
1215 2726 1321 2768 mone-

317 2808 373 2868 cto
387 2807 515 2886 scripta,
530 2811 565 2868 ut
584 2806 696 2867 tremite
713 2806 893 2889 scriptionis
909 2826 1007 2887 pessus
1027 2807 1147 2886 suadet,
1164 2813 1196 2870 et
1216 2815 1321 2872 mutua

316 2911 351 2972 iss
364 2908 528 2989 sacrefictis
541 2910 698 2986 memoria
714 2929 806 2990 quem
814 2910 907 2989 petit,
923 2929 983 2972 nors
996 2929 1069 2972 vero
1083 2915 1120 2972 ret
1133 2910 1321 2991 Bom'saetus

317 3016 351 3076 irs
364 3014 513 3094 Anytiam
526 3013 639 3089 veniet,
651 3011 746 3074 sicuti
759 3011 913 3075 Alfordus
927 3011 989 3075 hoe
1004 3033 1090 3077 anno
1105 3033 1197 3077 num.
1210 3012 1318 3077 XVII.

316 3116 501 3181 observavit.
546 3116 662 3197 Neque
686 3113 774 3177 enim
797 3113 965 3177 Bonifacio
987 3114 1116 3178 vivente
1140 3116 1256 3200 aliquis
1285 3116 1320 3180 in

318 3220 457 3283 Saxonia
480 3217 669 3283 occidentali
697 3215 861 3298 Sigebaldi
885 3215 1025 3281 nominis
1049 3217 1120 3280 Rex
1149 3218 1215 3282 fuit
1244 3231 1277 3284 et
1302 3240 1319 3283 e

316 3332 429 3387 contra
443 3322 538 3385 Lullo
553 3340 733 3384 successore
752 3319 786 3381 S.
801 3319 961 3383 Bonifacii
982 3320 1149 3384 eeclesiam
1165 3321 1318 3404 Magunt.

314 3434 448 3507 regente
463 3425 581 3507 scripta
596 3423 635 3486 ab
652 3445 689 3486 eo
710 3421 845 3506 epistola
865 3423 951 3487 inter
968 3423 1195 3488 Bonifncianas
1211 3425 1316 3489 CVII.

316 3530 408 3610 eujus
423 3528 492 3590 haec
506 3534 555 3590 est
569 3526 753 3610 inscriptio:
771 3526 943 3590 Carissimo
958 3526 1040 3590 Filio
1051 3527 1244 3593 Denebaido
1260 3575 1268 3591 .
1286 3576 1293 3592 .
1310 3574 1317 3590 .

318 3630 495 3712 Sigewaldo
512 3677 519 3693 .
538 3678 545 3693 .
564 3677 571 3691 .
588 3630 644 3712 qui
671 3628 865 3712 Sigewaldus
888 3650 955 3693 non
980 3629 1108 3693 videtur
1134 3630 1277 3695 diversus
1300 3652 1318 3693 a

318 3733 499 3815 Sigebaldo‚
515 3755 534 3796 a
549 3754 613 3815 quo
628 3739 676 3795 est
691 3732 826 3815 epistola
841 3753 980 3814 praesens
987 3757 998 3810 3
1021 3731 1077 3815 qui
1096 3732 1172 3797 ideo
1190 3755 1210 3797 a
1225 3732 1317 3796 Lullo

315 3837 467 3915 obtinuit,
488 3836 574 3921 quod
595 3859 614 3899 a
638 3834 804 3899 Bonifacio
824 3834 997 3917 impetrare
1019 3855 1087 3898 non
1106 3842 1267 3919 potuerat,
1281 3841 1317 3898 ut

316 3963 391 4005 cum
412 3940 467 4003 illo
488 3939 592 4002 vivere
606 3945 724 4021 posset.
769 3939 819 4001 Ea
836 3936 924 4000 enim
941 3937 1076 4020 epistola
1097 3939 1264 4002 monachis
1282 3938 1316 4000 in

314 4043 493 4126 Thuringia
507 4041 617 4125 positis
633 4040 760 4123 scripta.
806 4040 896 4122 Pagi.
913 4041 934 4103 1.
951 4061 978 4104 c.
995 4061 1028 4102 n.
1046 4040 1137 4104 III.’'

356 4148 417 4229 Ep.
442 4148 494 4223 27,
522 4144 736 4207 Boulrncrus
760 4143 911 4225 cnrnsn]
941 4141 1110 4207 “Videtur
1136 4142 1206 4207 haec
1235 4141 1317 4207 Ead-

311 4252 415 4332 burga
430 4270 507 4327 esse,
521 4247 596 4331 quia
611 4246 650 4308 de
665 4245 822 4329 precibus,
834 4266 912 4327 quas
923 4245 1014 4328 petit,
1027 4266 1204 4329 earumque
1215 4245 1316 4311 causis

312 4354 357 4417 ait
391 4353 423 4414 S.
441 4350 642 4415 Bonifacius:
674 4350 748 4412 Jam
778 4349 816 4410 de
845 4351 902 4410 boc
932 4355 1005 4412 aete
1028 4349 1213 4430 deprecatus
1237 4370 1313 4413 sum.

313 4458 359 4519 At
374 4455 435 4516 hoc
450 4474 546 4535 supra
560 4453 681 4515 factum
697 4451 789 4532 epist.
807 4451 908 4515 XVII
925 4457 958 4515 et
973 4451 1130 4516 XVIII.''
1153 4452 1212 4516 W.

355 4558 416 4638 Ep.
433 4559 485 4638 28,
501 4579 531 4638 p.
551 4559 601 4632 71,
618 4556 638 4618 1.
656 4558 700 4619 24
715 4560 829 4617 et—ut
846 4554 905 4616 P=
