3259 5467
451 1225 521 1314 lV.
575 1224 658 1313 llll
712 1221 1169 1313 POENITENTIA.

439 1794 674 1852 BONIFACIUS
693 1791 1026 1848 ARCHIEPISCOPUS
1046 1788 1195 1848 EDIDIT.

356 1990 533 2057 Quououo
547 2006 716 2072 possumus
730 1983 953 2069 poenitentiam
968 1991 1091 2069 septem
1105 2005 1263 2048 annorum
1276 1983 1313 2049 in

314 2115 381 2158 uno
396 2113 484 2156 anno
505 2091 672 2176 poenitere.
716 2089 913 2153 'biduanam
929 2110 988 2172 pro
1001 2089 1136 2172 triginta
1152 2087 1264 2152 diebus
1279 2095 1313 2153 et

313 2196 464 2261 noctibus
482 2195 624 2259 cantatio
637 2193 843 2278 psalmorum.
889 2192 980 2256 CXX
999 2192 1155 2256 Psalteria
1168 2213 1227 2277 pro
1241 2191 1313 2256 XII

314 2299 490 2376 mensibus.
535 2299 599 2363 Pro
618 2319 686 2363 uno
700 2296 752 2360 die
767 2296 795 2359 L
812 2296 952 2380 psalmos
973 2303 1007 2360 et
1030 2296 1171 2381 quinque
1189 2295 1313 2361 vicibus

315 2405 414 2467 Pater
428 2407 541 2466 noster.
585 2401 692 2466 Item:
714 2421 772 2483 pro
786 2421 854 2463 uno
869 2399 920 2463 die
935 2407 1072 2483 quatuor
1084 2399 1206 2464 vicibus
1220 2401 1314 2464 Beati

314 2507 507 2570 immaculati
521 2510 554 2569 et
572 2525 627 2568 sex
640 2503 763 2568 vicibus
778 2504 932 2567 Miserere
953 2505 1013 2567 mei
1026 2505 1112 2568 Deus
1125 2510 1157 2568 et
1172 2503 1314 2588 quinque

314 2608 446 2694 vicibus:
460 2611 560 2672 Pater
576 2613 681 2672 noster
695 2613 728 2671 et
748 2607 953 2690 septuaginta
969 2606 1090 2672 vicibus
1109 2615 1314 2692 prosternens

315 2733 349 2777 se
363 2711 400 2775 in
419 2717 507 2776 terra
527 2732 602 2775 cum
621 2712 721 2773 Pater
736 2714 841 2773 noster
863 2709 948 2775 dicat
969 2709 1160 2775 inflectione.
1205 2711 1314 2776 Faciat

315 2815 361 2878 sic
386 2835 448 2898 pro
470 2834 538 2877 uno
561 2813 623 2878 die.
669 2811 705 2875 Si
728 2811 796 2876 vult
819 2811 927 2876 minus
949 2813 1093 2896 psallere,
1113 2819 1224 2878 tamen
1244 2814 1314 2878 vult

313 2922 434 3001 patere,
463 2920 645 2998 prosternat
674 2934 709 2978 se
737 2913 924 2998 frequenter
952 2915 989 2979 in
1013 2915 1156 2980 oratione
1181 2922 1314 2980 eentum

315 3019 439 3084 vicibus
448 3025 482 3082 et
496 3018 583 3082 dieat
597 3018 751 3081 Miserere
765 3019 825 3081 mei
835 3019 921 3082 Deus
934 3024 964 3081 et
981 3019 1101 3082 dimitte
1109 3019 1221 3082 delicta
1235 3040 1314 3085 ntea.

317 3121 427 3186 Faciat
441 3120 503 3185 hoc
516 3142 575 3203 pro
589 3142 657 3185 uno
671 3120 734 3185 die.
780 3119 846 3185 Qui
859 3121 929 3184 vult
943 3121 1089 3184 confiteri
1106 3127 1237 3204 peccata
1256 3143 1315 3186 sua

317 3245 392 3288 cum
413 3223 564 3308 lacrymis
581 3223 727 3288 confiteri
758 3222 864 3287 debet.
909 3222 995 3288 Orda
1018 3223 1166 3306 lacrymae
1188 3222 1315 3288 veniam

318 3350 385 3393 non
408 3328 584 3412 postulant,
602 3326 659 3392 sed
683 3333 860 3391 merentur.
903 3328 1009 3410 Roget
1030 3326 1255 3411 presbyterum
1276 3335 1315 3393 ut

317 3432 430 3495 missas
454 3436 565 3495 cantet
588 3429 798 3514 praesidii
823 3429 888 3494 sint
912 3430 1046 3494 crimine
1064 3430 1222 3515 capitalia,
1243 3453 1315 3516 quae

318 3534 414 3599 debet
429 3539 506 3598 ante
519 3534 625 3598 lavare
640 3555 715 3598 cum
729 3533 892 3618 lacrymis.
936 3533 1087 3599 Cantatio
1100 3535 1197 3599 unius
1211 3536 1316 3602 missae

317 3644 424 3721 potest
444 3636 613 3701 duodecim
635 3637 701 3701 dies
721 3637 894 3701 redimere:
925 3637 1035 3704 decem
1052 3639 1158 3703 missae
1179 3647 1317 3724 quatuor

318 3762 465 3805 menses:
499 3740 614 3823 viginti
642 3740 747 3804 missae
775 3748 849 3806 octo
872 3762 1018 3807 menses:
1054 3743 1189 3826 triginta
1210 3744 1317 3808 missae

318 3843 488 3908 duodecim
501 3864 628 3907 menses
645 3850 779 3928 possunt
795 3844 962 3912 redimere.
1008 3845 1043 3910 Si
1056 3846 1126 3909 vult
1145 3847 1317 3928 confessor,

319 3968 385 4014 esse
399 3969 475 4013 cum
489 3947 648 4034 lacrymis.
691 3949 757 4012 Deo
769 3950 902 4032 gratiae.
