3259 5467
694 698 733 740 ru
750 698 939 742 urrsronss.
1255 684 1320 746 223

313 837 402 901 tinus
417 857 457 900 ex
468 837 561 920 jussu
576 835 729 918 principis
743 836 820 900 huic
830 836 1027 920 expeditioni
1037 837 1197 904 interfuit.
1230 838 1318 917 Cum

313 939 505 1022 congressio,
520 937 618 1002 verba
632 938 768 1003 Othloni
786 946 874 1018 sunt,
889 941 975 1004 facta
993 940 1107 1006 suimet
1126 942 1318 1007 bellantium

313 1050 346 1106 et
360 1042 497 1106 invicem
513 1050 615 1106 semet
636 1043 833 1120 ferientium,
851 1043 1011 1108 Geroldus
1032 1045 1199 1130 episcopus
1218 1047 1318 1111 inter·

311 1147 415 1209 fectus
444 1145 491 1210 ibi
519 1145 606 1209 inter
634 1145 713 1209 alios
743 1145 905 1210 occubuit.
966 1147 1092 1212 Deinde
1126 1150 1212 1214 filius
1249 1150 1318 1234 ejus

313 1248 466 1312 Gewilieb
493 1249 599 1313 adhuc
621 1249 722 1313 laicus
746 1248 782 1313 in
806 1249 929 1333 palatio
955 1251 1162 1331 constitutus,
1185 1274 1244 1336 pro
1270 1274 1318 1317 se-

311 1351 418 1415 dando
443 1352 543 1434 patris
566 1352 674 1416 dolore
697 1353 864 1417 clericatus
887 1353 990 1418 officio
1014 1355 1262 1437 promovebatur
1283 1363 1317 1421 et

311 1454 352 1518 ud
366 1455 542 1537 regendam
557 1455 724 1518 ecclesiam
738 1455 972 1538 Maguntinam
985 1466 1058 1540 post
1073 1457 1199 1522 obitum
1216 1459 1316 1543 patris

313 1557 581 1640 subrogabatur.''
597 1559 650 1621 W.

353 1662 414 1745 Ep.
438 1662 490 1740 56,
512 1682 544 1743 p.
569 1663 642 1738 119,
665 1660 686 1724 l.
711 1662 751 1723 31
776 1657 934 1744 Virgilius
957 1662 1089 1726 natione
1113 1663 1228 1728 Scotus
1252 1664 1318 1729 sive

315 1762 482 1828 Hibernus
498 1771 567 1828 erat
575 1790 585 1842 3
608 1763 767 1827 Alcuinus
783 1763 823 1827 de
838 1784 876 1828 eo
891 1764 975 1848 epig.
990 1767 1065 1829 231.

380 1868 520 1932 Protulit
535 1867 571 1930 in
584 1867 701 1945 lucem,
717 1888 814 1950 quem
828 1874 933 1931 mater
950 1866 1109 1931 Hibernia
1123 1868 1273 1952 primum,

377 1971 538 2049 Instituit,
553 1970 673 2049 docuit,
688 1970 834 2049 nutrivit,
850 1970 939 2049 fovit,
956 1971 1084 2034 arnavit.

378 2073 442 2137 Sed
456 2074 627 2158 peregrina
640 2080 754 2156 petens
771 2072 896 2137 Christi
906 2073 976 2157 jam
990 2082 1120 2157 propter
1135 2095 1287 2153 amorem,

378 2177 516 2240 Delicias
531 2176 646 2239 mundi
660 2183 694 2241 et
708 2175 846 2259 patriam
861 2176 1033 2240 contemsit
1049 2184 1200 2241 amatam.

379 2281 442 2344 Per
455 2301 553 2357 mare,
569 2300 627 2363 per
640 2287 753 2357 terras,
768 2287 876 2363 partes
890 2279 1036 2362 pervenit
1050 2279 1087 2343 in
1101 2279 1188 2359 istas,

381 2383 599 2466 Multiplicare
614 2382 749 2446 studens
764 2389 835 2446 tota
849 2383 969 2447 virtute
984 2383 1146 2447 talentum

379 2486 544 2550 Doctrinae
558 2485 684 2570 populis
699 2492 732 2549 et
747 2507 897 2568 spargere
913 2471 1036 2550 semina
1050 2486 1137 2550 vitae.

313 2590 429 2652 Factus
460 2588 575 2652 deinde
604 2596 653 2652 est
683 2586 783 2652 abbas
815 2589 1003 2652 monasterii
1034 2589 1068 2654 S.
1096 2576 1185 2653 Petri
1217 2588 1319 2653 Saltu-

312 2692 510 2775 burgi.”-p.
533 2693 606 2770 120,
627 2691 648 2755 l.
674 2693 718 2755 24
737 2691 914 2756 indictione
935 2692 1202 2775 quartadecima.
1235 2697 1256 2727 “
1265 2692 1320 2756 Ita

313 2794 411 2858 etiam
431 2795 609 2858 Browerus.
655 2794 754 2872 Male,
777 2794 884 2878 inquit
906 2794 1118 2858 Mabillonius
1140 2795 1175 2858 in
1196 2802 1265 2860 not.
1286 2816 1318 2878 p.

314 2897 366 2960 60.
383 2904 415 2960 et
434 2918 492 2979 pro
507 2896 683 2960 indictione
699 2897 792 2960 XIV.
808 2896 909 2961 habet
923 2896 1101 2961 indictione
1117 2895 1194 2960 XII.
1241 2897 1322 2980 Pagi
1365 2911 1366 2914 ’

313 3021 387 3063 vero
406 2999 447 3062 ad
466 3021 518 3062 an.
538 2999 750 3063 DCCXLIV.
767 3021 799 3063 n.
819 2999 867 3062 ll.
883 3021 915 3082 p.
932 3000 1007 3062 261.
1024 2999 1089 3062 ait:
1113 3000 1147 3062 ire
1168 3000 1322 3063 mundis

312 3102 537 3182 eremplaribus
565 3103 599 3164 ti
628 3104 824 3165 characteres
854 3101 1060 3183 chronolopici
1090 3101 1208 3164 desum.
1256 3099 1321 3165 Sed

314 3226 402 3269 error
415 3212 546 3269 tantum
561 3205 659 3269 cubat
670 3206 704 3268 in
715 3227 801 3268 anno
812 3203 939 3268 XXVI.
951 3202 1126 3286 legendum
1137 3201 1223 3266 enim
1236 3223 1322 3268 anno

316 3308 421 3372 XXV.
438 3316 471 3372 et
486 3308 628 3373 Indictio
643 3309 723 3372 XII.
739 3307 943 3372 retinenda.”
959 3308 1013 3370 W.

358 3411 444 3475 A.D.
469 3415 533 3477 744
556 3412 641 3476 “Ad
670 3412 758 3475 hunc
785 3433 909 3476 annum
939 3409 1124 3474 referuntur
1153 3406 1323 3472 Fuldensis

315 3515 452 3579 coenobii
473 3514 577 3578 initia.
623 3514 810 3579 Bonifacius
835 3514 1002 3578 Saxonum
1023 3512 1145 3578 veritus
1162 3509 1323 3590 viciniam,

311 3618 408 3701 jussit
433 3618 615 3682 Sturmium
642 3617 905 3683 Hersfeldensem
928 3616 1074 3682 deserere
1095 3616 1203 3681 locum
1226 3621 1323 3698 atque

314 3722 521 3786 remotiorem
536 3729 569 3785 et
584 3721 768 3786 inferiorem
783 3721 820 3784 in
835 3721 1009 3786 solitudine
1019 3720 1180 3805 requirere
1195 3716 1324 3783 habita·

314 3825 447 3889 tionem.
509 3824 672 3889 Sturmius
703 3824 841 3908 cognitis
870 3824 921 3889 his
946 3825 982 3888 in
1008 3844 1153 3889 eremum
1178 3842 1324 3886 reversus

316 3950 448 3992 ascensa
476 3927 550 3992 navi
579 3948 655 3991 cum
684 3928 776 3992 sociis
806 3926 932 3992 duobus
961 3948 1020 4011 per
1054 3925 1181 3990 alveum
1211 3922 1324 3988 Fuldae

316 4031 459 4095 fluminis
480 4051 613 4113 pergere
635 4030 743 4114 coepit.
788 4031 899 4094 Prima
919 4030 989 4094 haec
1009 4027 1130 4111 indago
1148 4025 1233 4090 male
1253 4045 1324 4089 suc-

316 4136 419 4214 cessit,
445 4156 550 4218 neque
576 4134 664 4199 enim
688 4136 884 4199 invenerunt
913 4134 1030 4210 locum,
1054 4131 1113 4196 ubi
1142 4128 1322 4195 secundum

315 4245 512 4322 praeceptum
528 4238 567 4300 B.
584 4237 744 4304 Bonifacii
757 4243 889 4321 possent
900 4235 1023 4320 jugiter
1038 4232 1178 4300 Domino
1194 4227 1322 4297 servire.

317 4341 357 4404 Id
371 4362 446 4404 cum
461 4340 647 4405 Bonifacius
667 4341 734 4424 ipse
754 4363 773 4405 a
790 4339 935 4404 Sturmio
950 4336 1176 4404 Frideslariam
1191 4341 1324 4400 evocato

316 4444 531 4527 comperisset,
547 4444 684 4522 monuit,
701 4453 738 4508 ut
755 4465 798 4509 ne
819 4443 981 4527 inquirere
1000 4440 1173 4518 desineret,
1188 4437 1323 4503 tandem

316 4547 546 4630 reperiundum
561 4569 629 4611 esse
638 4548 746 4613 locum
755 4547 902 4612 coenobio
911 4544 1080 4612 condendo
1091 4548 1322 4634 opportunum.
