3259 5467
604 698 646 740 nr
662 699 829 742 usnrrrns
846 701 1030 744 sinuosus.
1277 680 1316 744 71

711 1145 865 1209 SERMO
889 1145 930 1209 V.

558 1302 606 1363 De
613 1299 680 1381 fide
694 1306 724 1362 et
739 1299 880 1381 operibus
894 1301 1074 1363 dilectionis.

364 1472 393 1531 1.
417 1468 592 1532 Annonno
605 1491 660 1532 vos
680 1476 718 1532 ut
740 1468 991 1533 reminiscamini
1007 1468 1084 1552 quid
1100 1469 1313 1552 omnipotenti

320 1572 389 1636 Deo
404 1572 440 1634 in
451 1571 609 1655 baptismo
620 1571 817 1655 promisistis.
856 1571 1010 1635 Primitus
1021 1573 1150 1636 credere
1160 1573 1195 1636 in
1207 1574 1314 1637 Deum

319 1676 449 1739 Patrem
473 1676 736 1758 omnipotentem,
762 1682 794 1738 et
817 1675 854 1738 in
879 1677 992 1740 Jesum
1018 1676 1182 1741 Christum
1211 1678 1314 1741 filium

319 1780 397 1862 ejus,
428 1785 461 1842 et
490 1779 525 1842 in
561 1779 890 1863 Spiritum-sanctum,
920 1801 1025 1842 unum
1061 1780 1315 1863 omnipotentem

313 1882 426 1945 Deum
449 1882 485 1945 in
508 1882 665 1946 Trinitate
689 1883 838 1966 perfecta.
886 1882 950 1945 Sed
979 1882 1054 1966 quia
1083 1883 1236 1967 scriptum
1265 1893 1314 1948 est

320 1987 411 2048 Fides
423 1987 491 2049 sine
504 1987 646 2067 operibns
659 1992 781 2049 mortuo
795 1992 851 2064 est,
867 1993 901 2049 et
916 1986 971 2069 qni
986 1986 1075 2049 novit
1090 1987 1207 2065 Deum,
1223 2009 1314 2051 men-

318 2090 394 2153 data
423 2090 518 2154 debet
547 2111 742 2168 conservare,
768 2090 837 2154 hoec
863 2096 939 2153 sunt
967 2089 1121 2154 mandata
1149 2089 1212 2154 Dei
1241 2112 1313 2174 quae

318 2194 406 2258 vobis
424 2193 654 2258 adnuntiamus
673 2194 777 2257 facere
797 2201 830 2257 et
850 2215 983 2257 servare.
1028 2193 1077 2258 Ut
1092 2194 1200 2257 Deum
1217 2215 1314 2278 quem

317 2298 478 2361 confessus
497 2319 540 2375 es,
557 2297 670 2380 diligas
689 2319 728 2361 ex
745 2304 814 2360 toto
832 2297 935 2375 corde,
952 2303 985 2360 et
1002 2317 1042 2361 ex
1059 2303 1131 2362 toto
1143 2303 1263 2376 mente,
1279 2306 1313 2361 et

318 2423 356 2464 ex
369 2407 440 2465 tota
454 2401 583 2466 virtute.
628 2401 753 2464 Deinde
767 2401 928 2484 proximos
943 2408 1063 2465 vestros
1077 2408 1244 2485 tamquam
1257 2422 1313 2465 vos

316 2504 411 2587 ipsos.
456 2504 499 2566 In
513 2503 564 2566 his
584 2503 710 2567 duobus
727 2503 887 2566 mundatis
904 2509 974 2567 tots
990 2503 1041 2566 lex
1058 2504 1178 2587 pendet
1193 2510 1226 2566 et
1240 2524 1312 2587 pro·

315 2608 429 2690 phetae.
489 2607 627 2671 Initium
659 2607 824 2690 sapientiae
856 2606 954 2670 timor
987 2607 1129 2687 Domini,
1160 2607 1313 2691 perfectio

308 2719 425 2775 nutem
441 2711 580 2775 charites
595 2718 653 2789 est,
670 2717 703 2775 et
716 2711 789 2774 ideo
803 2717 841 2774 ut
855 2709 983 2793 possitis
1004 2710 1089 2775 hanc
1111 2711 1311 2791 charitatem,

315 2838 387 2899 quse
402 2817 491 2879 Deus
507 2823 565 2894 est,
575 2814 717 2899 adipisci,
728 2814 856 2892 habete,
869 2815 952 2878 sicut
961 2816 1135 2898 Apostolus
1149 2816 1309 2900 proecepit,

313 2941 390 2983 cum
405 2920 555 2984 omnibns
569 2940 690 3002 pacem,
704 2925 743 2981 ut
758 2917 918 2982 Dominus
934 2917 1030 2982 dicit:
1053 2920 1213 2983 Possidet
1231 2921 1311 2983 oeri-

316 3031 410 3088 taiem
439 3025 579 3106 dedum
613 3021 819 3099 Patientiam,
850 3021 925 3104 quia
954 3021 1114 3086 Dominus
1142 3022 1239 3086 dicit:
1272 3024 1312 3086 Io

308 3130 466 3209 potientis
493 3133 609 3190 oestro
618 3125 818 3208 possidebitis
845 3126 967 3188 animos
994 3131 1122 3188 vestros.
1183 3124 1311 3190 Habete

314 3232 574 3308 misericordiam,
594 3229 670 3312 quin
687 3229 848 3293 Dominus
867 3228 1038 3312 proecepitt
1061 3229 1171 3290 Estote
1190 3229 1309 3292 miseri

314 3338 430 3415 cordes,
454 3337 535 3399 sicut
557 3340 653 3416 peter
680 3339 780 3396 vester
808 3334 938 3396 coelestis
962 3333 1137 3395 misericors
1164 3337 1220 3394 est.
1265 3332 1309 3395 Et

313 3439 451 3504 iterum:
474 3441 568 3502 Beati
584 3437 805 3514 misericordes,
827 3437 970 3518 qvoniam
988 3436 1049 3516 ipsi
1067 3435 1310 3498 misericordiam

314 3548 542 3626 consequentur.
580 3540 693 3604 Estote
707 3540 841 3622 benigni
856 3539 938 3603 sicut
952 3538 1126 3622 Apostolus
1139 3538 1308 3623 praecepit;

313 3649 423 3711 Estote
450 3647 580 3709 invicem
608 3645 739 3726 desipui,
762 3644 984 3722 misericordes,
1009 3643 1157 3706 donantes
1181 3643 1310 3706 invicem

312 3753 393 3814 sisset
407 3757 437 3814 et
451 3749 588 3813 Densis
604 3749 727 3811 Clodio
741 3747 868 3810 donarit
881 3747 976 3810 vobis.
1021 3746 1100 3810 Sitis
1120 3747 1211 3826 cesti,
1226 3746 1309 3811 sicut

313 3854 487 3939 Apostolus
509 3852 604 3916 dicit:
630 3852 799 3933 Sepuissim
814 3870 925 3932 posen
948 3856 978 3913 et
1000 3841 1221 3929 castimoniam,
1243 3852 1310 3914 sine

312 3981 373 4041 qno
387 3978 474 4021 soemo
487 3957 602 4019 videbit
615 3957 724 4018 Deum.
750 3953 828 4017 Sitis
838 3953 999 4037 impolluti
1009 3953 1104 4018 corde
1119 3961 1152 4017 et
1167 3974 1307 4036 corpore,

313 4063 389 4145 quis
403 4062 493 4124 Deus
508 4059 603 4123 dicit:
626 4059 720 4121 Beati
735 4058 846 4120 modo
861 4058 961 4136 corde,
977 4058 1119 4139 quonism
1133 4057 1194 4137 insi
1208 4057 1308 4119 Deum

310 4165 464 4230 odessus
524 4162 724 4247 conjugibus
754 4161 853 4225 fidem
883 4169 1014 4238 servate,
1045 4160 1119 4243 quin
1147 4158 1308 4223 Dominus

312 4268 407 4332 dicit:
448 4267 538 4341 Quod
564 4267 649 4330 Deus
674 4266 833 4348 consensit
858 4266 946 4328 domo
971 4285 1031 4327 ooo
1058 4268 1190 4344 separet.
1235 4261 1308 4325 Viri

312 4380 399 4436 enste
424 4371 561 4453 diligant
585 4391 710 4447 uxores,
734 4369 818 4433 sicut
840 4367 1013 4451 Apostolus
1038 4365 1198 4450 praecipit:
1238 4367 1307 4429 Veri

313 4475 432 4557 dilipite
454 4494 567 4536 worse
588 4479 716 4551 vestros,
734 4474 815 4536 sieut
840 4471 983 4536 Christus
1006 4470 1116 4532 deest
1138 4469 1305 4532 eeclesiam.

314 4578 438 4642 Uxores
451 4577 589 4640 timeant
604 4576 697 4654 viros,
712 4576 787 4659 quin
802 4576 893 4639 Deus
907 4573 984 4638 dicit
998 4571 1144 4636 mulieri:
1168 4571 1232 4636 soe
1246 4572 1307 4634 oiri
