3259 5467
593 729 634 779 ar
650 727 824 772 mansurus
840 726 1013 771 concurs.
1263 699 1306 762 33

351 876 476 940 XXVI.
500 876 550 940 De
565 875 796 960 compositione
810 875 950 938 incensae
965 873 1089 938 domus.

350 979 495 1044 XXVII.
521 981 570 1044 De
585 981 635 1043 via
650 978 848 1043 convicinali.

351 1082 518 1148 XXVIII.
541 1084 592 1146 De
607 1082 703 1147 rebus
719 1080 951 1151 commendatis
966 1081 1114 1147 incensis.
1160 1149 1161 1153 ,

410 1186 577 1270 Incipiunt
591 1185 744 1270 praedicta
759 1184 899 1269 capitula
914 1190 947 1248 et
963 1205 1073 1250 eorum
1087 1192 1206 1251 textus.

632 1475 684 1538 De
698 1473 841 1557 exposito
856 1473 991 1536 infante.

355 1595 385 1658 I.
410 1595 446 1657 Si
471 1593 632 1677 expositus
661 1599 737 1656 ante
766 1592 932 1656 ecclesiam
962 1593 1182 1680 cujuscunque
1210 1596 1310 1661 fuerit

312 1697 518 1763 miseratione
549 1697 711 1775 collectus,
742 1695 986 1760 contestationis
1022 1707 1122 1780 ponat
1158 1700 1311 1766 collector

313 1802 491 1885 epistolam.
536 1801 580 1864 Et
600 1800 627 1863 ai
646 1800 674 1863 is
695 1799 751 1883 qui
772 1799 925 1863 collectus
941 1805 1000 1880 est,
1015 1800 1103 1865 intra
1118 1801 1227 1867 decem
1245 1804 1313 1870 dies

315 1905 478 1988 quaesitus,
504 1904 697 1987 agnitusque
723 1924 790 1966 non
818 1902 926 1981 fuerit,
951 1924 1082 1967 securus
1107 1905 1235 1986 habeat,
1258 1910 1314 1992 qui
1406 1929 1411 1940 ·

315 2008 455 2091 collegit.
498 2008 593 2086 Sane,
610 2006 665 2092 qui
675 2011 748 2090 post
762 2005 952 2089 praedictum
966 2013 1095 2091 tempus
1110 2009 1179 2093 ejus
1194 2011 1314 2076 calum-

316 2113 423 2177 niator
442 2111 594 2190 extiterit,
609 2117 648 2174 ut
667 2110 828 2174 homicida
846 2109 1062 2190 damnabitur,
1084 2111 1166 2178 sicut
1187 2122 1317 2199 patrum

318 2215 423 2281 sanxit
438 2214 621 2280 auctoritas.

588 2502 639 2566 De
652 2501 826 2585 trigesimis
841 2508 1051 2567 mortuorum.

362 2624 410 2687 ΙΙ.
434 2621 559 2686 Fideles
573 2643 631 2706 pro
647 2621 807 2686 defimctis
823 2621 933 2685 amicis
952 2624 1077 2708 jejunia
1092 2632 1125 2690 et
1140 2627 1318 2694 oblationes

318 2727 455 2810 triginta
483 2725 596 2790 diebus
625 2725 793 2809 adimpleri
818 2724 948 2806 faciant,
975 2735 1008 2792 et
1033 2736 1197 2794 mortuum
1223 2754 1319 2817 super

319 2837 485 2895 mortuum
498 2851 566 2893 non
580 2835 714 2913 ponant,
730 2850 790 2892 nec
807 2850 879 2892 ossa
897 2828 1123 2896 defunctorum
1145 2855 1240 2918 super
1255 2843 1319 2900 ter-

317 2957 389 2998 ram
412 2933 587 2997 dimittant.
633 2933 778 2998 Quodsi
799 2931 944 3011 fecerint,
965 2935 1127 3000 canonicae
1150 2939 1319 3004 sententiae

321 3036 545 3122 subjacebunt.

662 3276 713 3339 De
728 3275 862 3340 muliere
877 3275 979 3339 enixa.

367 3397 435 3461 III.
459 3395 543 3460 Cum
557 3395 652 3459 enixa
664 3394 762 3458 sumit
776 3395 901 3474 mulier,
912 3396 938 3458 si
954 3393 1062 3458 statim
1078 3402 1189 3460 actura
1203 3399 1322 3482 gratias

322 3504 424 3566 intrat
446 3499 621 3578 ecclesiam,
637 3498 728 3562 nullo
747 3498 824 3562 hinc
847 3499 969 3582 peccati
991 3500 1132 3582 pondere
1153 3509 1303 3584 gravauur
1313 3532 1323 3583 ς

322 3606 469 3689 voluptas
483 3603 569 3667 enim
585 3603 699 3682 carnis,
716 3624 783 3665 non
798 3602 898 3681 dolor,
914 3603 949 3666 in
969 3603 1064 3687 culpa
1085 3612 1133 3668 est
1142 3631 1152 3683 3
1174 3605 1210 3668 in
1226 3609 1324 3691 prolis

322 3730 397 3773 vero
418 3707 595 3791 prolatione
618 3706 757 3789 gemitus
779 3712 839 3769 est.
861 3772 865 3783 ,
886 3705 921 3768 Si
946 3706 1056 3790 itaque
1078 3707 1206 3775 enixam
1225 3713 1320 3776 muli·

324 3834 411 3876 erem
434 3810 639 3894 prohibemus
666 3810 788 3874 intrare
811 3809 987 3889 ecclesiam,
1012 3811 1114 3895 ipsam
1140 3813 1170 3876 ei
1194 3836 1323 3899 poenam

324 3937 416 3980 suam
430 3915 467 3978 in
481 3915 608 3998 culpam
623 3912 826 3997 deputamus.

532 4176 582 4240 De
597 4175 730 4254 clericis,
746 4175 802 4258 qui
817 4195 942 4239 comam
956 4175 1117 4240 nutriunt.

369 4297 431 4361 IV.
457 4296 626 4360 Sancitum
641 4302 699 4376 est,
715 4302 753 4359 ut
768 4295 884 4374 clerici,
901 4297 954 4380 qui
969 4317 1093 4361 comam
1109 4296 1269 4378 nutriunt,
1285 4299 1325 4364 ab

326 4399 573 4478 archi-diacono,
590 4399 650 4463 etsi
665 4400 838 4478 noluerint,
853 4400 946 4463 inviti
968 4400 1173 4464 tondeantur.
1218 4401 1326 4468 Vesti-

327 4512 438 4569 menta
451 4524 527 4568 vero
542 4504 589 4567 vel
605 4505 813 4569 calciamenta
831 4505 886 4583 eis,
903 4505 965 4568 nisi
979 4504 1166 4588 religionem
1182 4506 1326 4587 deceant,

328 4608 442 4673 habere
457 4629 528 4673 non
542 4607 645 4671 liceat.
