3259 5467
507 726 509 729 v
546 711 1092 761 mranrnnarrnruus.n1vru1.
1137 677 1149 701 ⁸
1243 691 1314 762 -133

312 857 418 922 sancti
431 856 538 941 lapide
557 856 592 920 in
603 860 647 920 'se
669 877 846 934 accensam,
863 855 991 938 dignius
1002 853 1073 920 'ess'e
1088 877 1184 940 supra
1199 851 1314 922 cande-¹

256 1014 260 1020 .
310 961 440 1025 labrum
456 961 542 1045 poni,
557 967 595 1023 ut
609 960 770 1042 profusius
782 959 823 1022 ad
835 960 971 1023 salutem
986 960 1200 1043 plurimorum
1209 962 1314 1044 splen-

312 1065 467 1143 desceret,
482 1070 515 1127 et
531 1063 572 1126 ad
586 1062 797 1126 lucidissimas
809 1062 946 1126 coelestis
956 1063 1030 1143 ritae
1045 1061 1227 1128 mansiones
1242 1086 1313 1149 per-

312 1168 455 1231 duceret.
502 1167 585 1231 Cum
604 1165 726 1230 talibus
745 1165 854 1248 itaque
874 1166 958 1229 curis
978 1166 1157 1245 fluctuaret,
1173 1169 1315 1233 Domino

312 1271 511 1355 providente,
527 1270 655 1334 cuidam
676 1276 796 1333 sanctae
813 1269 978 1333 memoriae
992 1269 1227 1335 Archidiacono
1244 1272 1314 1356 syla

312 1396 396 1438 vano
411 1374 543 1437 nomine
557 1372 740 1436 inculcabat
756 1373 832 1456 jura
851 1373 1026 1456 regiminis,
1042 1395 1084 1438 ne
1104 1395 1175 1438 oves
1194 1375 1315 1439 Christi

313 1477 385 1541 sine
407 1483 530 1540 rectore
557 1482 674 1554 essent,
698 1475 851 1558 quamdiu
875 1477 944 1559 ipse
966 1477 1089 1556 Pastor,
1112 1499 1171 1561 pro
1193 1478 1315 1543 alendis

312 1579 477 1665 gregibus,
507 1600 565 1663 per
594 1586 718 1642 exteras
748 1578 945 1643 diversarum
973 1579 1119 1663 regiones
1149 1580 1315 1646 nationum

313 1683 520 1768 praedicando
535 1683 690 1765 vigilaret.

316 1848 319 1852 ,
359 1788 443 1851 Cum
459 1808 535 1869 ergo
549 1787 690 1870 plurima
706 1787 931 1869 perlustrasset
952 1787 1031 1864 loca,
1045 1786 1148 1856 ,divini
1162 1787 1315 1870 germinis

315 1889 497 1972 spargendo
513 1890 636 1952 semina
655 1889 814 1952 daemonia
834 1889 874 1953 ab
895 1888 1030 1953 obsessis
1050 1889 1234 1973 corporibus
1249 1892 1315 1974 pel-

314 1991 421 2069 lendo,
437 1992 615 2055 multorum
635 1992 862 2074 aegrotantium
882 2012 1014 2074 corpora
1034 1992 1186 2071 sanando,
1202 2014 1315 2057 conve-

313 2096 366 2159 nit
387 2117 461 2159 cum
482 2095 646 2179 discipulis
668 2096 734 2158 suis
755 2095 796 2158 ad
817 2095 978 2177 quoddam
1002 2094 1186 2158 coenobium
1207 2098 1316 2161 avico

314 2199 470 2263 vocabulo
505 2199 698 2263 Gandavum
730 2199 946 2278 nominatum,
978 2199 1064 2282 quod
1097 2200 1136 2264 B.
1167 2201 1317 2266 Pontifex

314 2303 495 2382 Amandus,
526 2303 693 2386 extirpatis
729 2302 911 2366 Gentilium
944 2303 1037 2382 fanis,
1067 2303 1142 2367 fecit
1176 2303 1316 2382 fundari,

316 2407 403 2491 quod
429 2408 551 2490 etipse
576 2406 732 2471 dedicavit
759 2407 800 2469 ad
825 2406 981 2470 honorem
1008 2407 1040 2471 S.
1057 2407 1147 2472 Petri
1170 2402 1317 2492 Apostoli

314 2517 349 2574 et
364 2510 509 2574 omniurn
524 2510 763 2594 Apostolorum,
776 2510 978 2593 congregatis
992 2510 1114 2575 ibidem
1129 2512 1315 2592 cultoribus,
1343 2575 1352 2588 ,

316 2614 433 2698 quibus
447 2613 620 2697 praeposuit
639 2613 802 2677 Abbatem
822 2614 955 2678 nomine
976 2614 1179 2679 Florbertum
1198 2623 1316 2682 sanctae

315 2717 481 2801 religionis
512 2723 681 2794 rectorem,
716 2716 822 2799 dignis
855 2716 997 2781 moribus
1022 2719 1252 2803 compositum,
1283 2727 1316 2784 et

315 2820 418 2885 totius
438 2820 615 2885 honestatis
636 2821 789 2903 exemplis
809 2821 974 2884 refertum.
1019 2821 1050 2884 A
1070 2843 1133 2905 quo
1153 2822 1262 2901 etiam,
1283 2830 1316 2887 et

316 2946 337 2987 a
351 2923 473 2987 caeteris
493 2923 658 3002 fratribus
673 2923 859 2988 monasticae
879 2923 1044 2987 charitatis
1061 2925 1173 3004 officio,
1190 2948 1320 3010 suscep--

315 3033 371 3090 tus
386 3033 445 3090 est.
468 3026 521 3090 Ibi
536 3049 663 3110 quoque
677 3027 800 3091 invenit
814 3027 957 3091 miriticae
973 3027 1151 3091 sanctitatis
1166 3029 1268 3092 virum
1283 3037 1316 3094 et

316 3131 483 3214 egregium
498 3131 709 3195 confessorem
722 3130 844 3194 Christi
858 3130 1021 3193 Bavonem
1036 3130 1202 3193 recentina
1213 3139 1316 3196 morte

315 3233 353 3296 in
367 3233 509 3298 Domino
523 3240 723 3316 pausantem,
740 3240 773 3297 et
792 3233 829 3296 in
848 3231 1044 3297 monasterio
1062 3232 1094 3295 S.
1111 3232 1208 3312 Petri,
1225 3255 1316 3298 sanc-

315 3342 489 3419 torumque
510 3335 738 3418 Apostolorum
757 3357 776 3399 a
796 3336 835 3398 B.
852 3334 1008 3399 Pontifice
1027 3333 1177 3398 Amando
1196 3342 1230 3400 et
1248 3336 1321 3400 Aba

316 3438 393 3503 bate
418 3438 595 3516 Florberto,
620 3445 653 3502 et
680 3438 801 3503 devotis
830 3437 984 3502 fratribus
1010 3437 1171 3522 condigno
1195 3439 1317 3505 honore

316 3542 498 3620 hmnatum,
523 3547 620 3625 atque
644 3542 789 3624 gloriosis
813 3541 974 3605 miraculis
998 3550 1229 3608 coruscantem.
1274 3544 1317 3609 In

316 3645 432 3710 eodem
448 3644 565 3729 quippe
579 3646 649 3710 loco
669 3667 726 3729 per
741 3645 808 3709 dies
828 3645 963 3729 triginta
980 3654 1194 3712 commoratus
1209 3655 1268 3728 est,
1284 3658 1317 3715 et

317 3749 359 3813 ad
386 3747 592 3830 sepulchrum
621 3747 653 3811 S.
676 3747 815 3810 Bavonis
842 3769 915 3811 suas
940 3769 1059 3830 precer,
1080 3749 1318 3836 Missarumque

317 3851 550 3915 celebrationes
576 3850 712 3934 pervigil
737 3849 878 3913 Domino
904 3850 974 3913 Deo
999 3849 1195 3916 immolabat.
1256 3854 1318 3918 His

317 3945 459 4037 namque
478 3952 590 4016 diebus
611 3952 802 4036 adimpletis,
817 3952 931 4016 fratrer
952 3951 1098 4030 coenobii,
1114 3959 1146 4016 et
1161 3954 1318 4019 devotum

317 4058 434 4140 vulgus
448 4056 524 4140 pagi
538 4056 719 4127 Pontificali
736 4056 810 4139 jure
824 4054 990 4119 benedixit
1008 4061 1043 4118 et
1062 4055 1097 4118 in
1111 4055 1162 4118 via
1175 4057 1318 4123 veritatis
1349 4069 1351 4075 ‘

317 4159 530 4225 confirmavit.
552 4158 596 4222 Et
611 4157 769 4241 accipiens
783 4157 825 4221 ab
840 4157 943 4222 officio
957 4157 1144 4221 monasterii
1159 4167 1316 4244 sumptam,

319 4264 374 4349 qui
389 4265 425 4327 in
439 4263 555 4327 itinere
566 4261 735 4325 necessarii
751 4268 838 4339 sunt,
854 4261 1015 4344 profectus
1030 4267 1088 4340 est,
1101 4267 1134 4325 et
1148 4261 1184 4324 in
1198 4270 1318 4331 terram

317 4367 510 4451 properavit,
525 4366 596 4429 Deo
612 4364 810 4448 disponente,
827 4363 1048 4428 Brabantiam.

334 4505 338 4540 ·,
363 4471 439 4537 Quo
452 4467 653 4552 ingrediente
669 4467 841 4533 salutiferis
856 4468 1018 4551 gressibus
1038 4469 1218 4534 venerando
1233 4471 1317 4536 Pon·
1342 4499 1344 4506 ¹

318 4575 414 4653 tifice,
430 4571 650 4638 admirabatur
668 4571 920 4637 amoenissimam
940 4578 1070 4651 terram,
1091 4572 1264 4653 speciosam
1285 4588 1318 4646 et
