3259 5467
540 706 621 748 vmr
637 706 677 747 nr
694 705 904 750 uanrvnruu
921 705 946 748 s.
964 706 1089 750 nrvrur.
1255 685 1315 751 121

315 845 536 911 admirabatur
561 843 726 927 gaudium.
783 844 872 908 Nam
897 844 1006 909 cuncti
1028 844 1181 929 primates
1209 843 1318 926 Regis,

313 949 527 1032 universaque
553 945 721 1011 Celsitudo
750 946 868 1030 regalis
896 968 970 1011 cum
996 947 1117 1012 civibus
1142 947 1256 1032 patriae
1281 947 1317 1009 in

313 1053 434 1117 mirum
450 1049 655 1115 exultationis
676 1050 819 1113 conversi
839 1050 1003 1133 gaudium,
1020 1057 1052 1114 et
1073 1072 1216 1136 praesago
1236 1049 1317 1114 veri·

313 1155 398 1219 tatis¹
427 1155 561 1238 Spiritu,
594 1153 780 1236 mutuisque
815 1153 1080 1218 collocutionibus
1115 1153 1318 1237 congratula-

313 1258 525 1338 bundi,'atria
545 1278 645 1334 secus,
667 1263 755 1320 certo
775 1256 1033 1339 pronuntiantes,
1049 1257 1138 1322 hunc
1157 1257 1317 1321 infantem

314 1363 386 1426 Deo
402 1361 564 1438 dilectum,
579 1359 771 1443 populorum
787 1359 908 1437 lumen,
924 1366 1022 1444 atque
1037 1382 1200 1425 summum
1216 1360 1318 1425 totius

313 1464 455 1547 regionis
469 1472 643 1547 patronum
657 1463 874 1546 praedixerunt
889 1463 1046 1528 futurum.

322 1613 324 1615 .
360 1567 466 1632 Quem
491 1566 563 1650 pius
589 1567 669 1645 Rex,
692 1572 725 1630 et
748 1565 954 1630 devotissima
974 1567 1101 1650 Regina
1122 1588 1196 1631 cum
1223 1588 1315 1630 vene-

314 1670 425 1734 randis
447 1668 658 1734 Pontificibus
680 1669 866 1752 Augustino
888 1669 1070 1752 Anglorum
1092 1669 1261 1754 Episcopo,
1283 1678 1316 1734 et

314 1773 501 1838 Menalchio
516 1772 750 1856 Archipraesule
766 1771 805 1835 de
821 1793 911 1836 sacro
925 1772 1014 1837 fonte
1028 1773 1132 1837 beatae
1147 1794 1317 1856 regenera-

315 1878 413 1941 tionis
429 1883 637 1960 susccperunt
648 1875 797 1939 indentes
813 1874 843 1939 ei
857 1897 978 1939 nomen
989 1876 1122 1940 Lirinus
1135 1898 1174 1940 ex
1184 1876 1316 1940 nomine

316 1980 461 2063 germani
476 1980 620 2063 gloriosae
640 1979 804 2063 genitricis
826 1999 891 2042 suae
910 1979 1080 2062 Agaluniae
1103 1978 1315 2043 Hibernensis

315 2084 466 2148 Ecclesiae
480 2082 729 2166 Archiepiscopi,
746 2082 801 2166 qui
821 2082 907 2166 apud
921 2082 1090 2147 Verbanus
1111 2104 1169 2166 pro
1184 2082 1315 2146 nomine

316 2187 437 2251 Christi
462 2187 602 2270 palmam
625 2186 781 2271 Martyris
806 2186 959 2269 indeptus
983 2192 1042 2251 est.
1088 2186 1155 2252 uui
1178 2206 1253 2249 mox
1276 2192 1315 2249 ut

315 2290 356 2354 de
380 2300 463 2373 aqua
488 2291 671 2353 levaverunt
694 2311 842 2374 puerum,
864 2296 945 2368 tum,
969 2289 1159 2373 omnesqui
1181 2289 1316 2354 aderant

314 2393 486 2457 manifesta
504 2393 634 2472 visione,
650 2392 826 2457 cernebant
846 2392 1047 2457 descendisse
1067 2391 1315 2457 columniferum

315 2497 517 2581 splendorem
538 2496 635 2561 radiis
658 2496 817 2579 splendidi
842 2496 917 2561 solis
940 2497 1198 2580 splendidiorem,
1219 2503 1315 2580 atque

315 2601 412 2684 capiti
427 2600 587 2664 benedicti
609 2601 700 2683 pueri
721 2600 899 2679 imminere,
916 2607 949 2665 et
972 2601 1136 2665 dexteram
1158 2621 1236 2665 auro
1251 2601 1316 2664 cla-

315 2704 441 2768 rissimo
455 2703 691 2767 rutilantiorem
711 2702 786 2767 inde
807 2703 953 2782 emicare,
969 2709 1002 2768 et
1023 2711 1073 2769 ter
1089 2703 1196 2788 ipsum
1209 2703 1315 2767 infan-

316 2807 422 2870 tulum
438 2807 565 2890 signare
585 2815 704 2872 sanctae
724 2807 836 2871 Crucis
857 2806 1046 2890 signamine,
1063 2809 1188 2872 coelitus
1207 2795 1316 2872 tahter

315 2931 395 2974 sono
417 2910 605 2974 intonante:
642 2911 782 2975 Dilectus
803 2911 870 2973 Deo
892 2916 922 2973 et
944 2912 1125 2989 bominibus,
1148 2913 1235 2994 cujus
1254 2932 1315 2975 me-

314 3015 415 3076 morio
429 3015 463 3076 in
478 3014 683 3078 benedictione
697 3021 754 3078 est.
798 3011 872 3078 Hoc
889 3013 1045 3078 versiculo
1060 3013 1168 3077 divina
1180 3013 1258 3077 visio
1274 3014 1316 3077 ad

316 3117 455 3180 aetherea
468 3118 621 3182 remeavit
636 3117 764 3201 palatia.
809 3116 939 3181 Talibus
958 3116 1185 3180 miraculorum
1205 3116 1315 3180 coeles-

313 3220 462 3304 tiumque
476 3221 703 3306 mysteriorum
725 3220 883 3285 exercitiis
905 3218 1094 3283 circumdati
1115 3220 1184 3283 Rex
1202 3223 1235 3281 et
1250 3219 1316 3282 Re·

316 3324 402 3407 gina,
429 3331 526 3408 atque
551 3324 724 3389 venerandi
750 3325 863 3388 Patres
889 3321 989 3386 divini
1014 3322 1171 3406 mysterii,
1196 3321 1315 3385 summi

315 3428 462 3492 videlicet
481 3428 653 3493 Pontifices
673 3427 877 3512 Augustinus
897 3433 995 3510 atque
1015 3425 1219 3491 Menalchius
1239 3446 1314 3489 curn

315 3531 438 3603 caeteris
460 3531 529 3614 pari
551 3531 728 3596 devotionis
749 3530 932 3596 intentione
955 3529 1133 3594 Dominum
1148 3529 1315 3594 Christum

314 3634 350 3696 in
365 3634 497 3698 excelsis
512 3635 739 3699 collaudavere.

359 3738 467 3821 Igitur
490 3739 610 3803 electus
633 3739 696 3803 Dei
721 3759 802 3822 puer
827 3736 1008 3801 infantilem
1033 3759 1126 3802 suam
1149 3735 1315 3801 aetatulam

314 3841 560 3906 rationabilibus
582 3842 647 3906 suis
667 3841 875 3906 continentiis
895 3841 1062 3919 excellens,
1078 3839 1191 3904 dietim
1211 3838 1316 3922 specie

314 3953 411 4008 tenus
426 3945 583 4028 imagines
602 3945 730 4010 virtutis
748 3945 904 4030 (quamvis
923 3944 1044 4008 tantilli
1059 3944 1232 4007 deficerent
1247 3961 1317 4005 cor·

314 4051 401 4134 poris
423 4051 523 4115 vires:
560 4059 671 4115 tamen
693 4052 830 4116 maturis
858 4050 1106 4115 machinabatur
1128 4046 1272 4112 moribus
1295 4066 1316 4109 a

315 4153 462 4238 supernis
492 4176 526 4218 se
556 4155 624 4238 jam
653 4156 775 4238 reposci
809 4153 940 4232 civibus,
970 4153 1047 4237 ipsis
1076 4148 1314 4216 contubernalis

315 4264 508 4341 optatusque
536 4258 757 4324 indesinenter
786 4257 927 4341 gestiens
956 4257 1026 4321 fieri
1056 4255 1187 4320 amicus.
1248 4251 1315 4317 Qui

315 4361 462 4425 felicitati
483 4363 701 4445 promerendae
725 4361 906 4441 anhelabat,
929 4359 1167 4445 temporalibus,
1190 4355 1315 4419 futuro-

315 4486 389 4527 rum
422 4466 703 4549 contemplatione,
732 4465 953 4543 renunciabat,
984 4471 1016 4527 et
1051 4461 1107 4525 ubi
1141 4459 1314 4542 fragilitate

315 4569 421 4632 carnis
436 4568 471 4633 in
486 4568 570 4634 bene
590 4570 714 4653 agendo
730 4570 824 4654 dejici
843 4567 1046 4645 formidabat,
1062 4563 1220 4651 spirituali
1239 4562 1316 4626 sub·

809 4692 821 4734 1
