3259 5467
313 666 379 729 264
568 682 662 725 norm
679 681 719 724 er
735 681 850 724 viarm
869 679 1059 723 anemonas.

312 825 391 890 volis
420 824 508 888 hand
537 843 639 907 pauca
667 820 854 886 eorumdem
883 819 1026 904 vestigia.
1088 819 1316 884 Remanebunt

313 928 458 992 triticum
473 934 506 991 et
522 926 643 990 zizania
656 944 758 1008 usqne
773 923 814 988 ad
828 930 957 1007 tempus
971 923 1118 987 messis.'’
1133 924 1189 988 W.

359 1033 506 1095 Romana
523 1029 672 1115 Synodus
693 1050 725 1112 p.
740 1031 793 1106 40,
813 1027 962 1092 Occurrit
983 1028 1029 1090 N.
1048 1030 1077 1090 1.
1093 1031 1124 1092 2.
1141 1031 1173 1092 3.
1190 1030 1222 1091 4.
1240 1031 1271 1091 5.
1285 1027 1317 1091 in

315 1137 392 1200 Cod.
417 1135 545 1198 Paris:
559 1135 610 1197 De
626 1153 712 1196 anno
733 1131 826 1215 [745]
848 1130 957 1195 adnot.
976 1130 1177 1209 Sirmondus,
1200 1129 1317 1194 “Huic

315 1261 401 1303 anno
416 1237 564 1320 congruit
579 1235 714 1299 indictio
729 1235 823 1298 XIV.
839 1255 950 1298 mense
966 1234 1113 1298 Octobri.
1160 1235 1316 1298 Constan-

315 1343 377 1406 tini
393 1348 500 1405 autem
517 1361 674 1402 annorum
692 1338 809 1422 duplex
829 1339 950 1422 epocha
964 1345 1173 1402 memoratur.
1219 1337 1317 1415 Prior,

316 1467 355 1510 ex
371 1466 434 1528 quo
456 1465 531 1507 cum
554 1444 662 1506 Leone
678 1444 791 1506 Isauro
813 1449 905 1525 patre
924 1463 1060 1524 regnare
1082 1447 1236 1524 coeperat,
1251 1441 1318 1504 XII

317 1547 483 1612 Kalendas
499 1548 615 1626 Maias,
629 1568 714 1609 anno
729 1546 891 1610 DCCXX.
905 1545 1005 1609 altera
1020 1566 1192 1623 annorum,
1206 1543 1319 1627 quibus

316 1659 388 1736 post
403 1652 503 1735 patris
519 1651 644 1714 obitum
659 1651 745 1713 solus
759 1649 949 1733 imperabat,
966 1670 1005 1712 ex
1020 1648 1072 1712 die
1087 1648 1182 1712 XIV.
1200 1647 1319 1712 Kalen·

317 1755 374 1819 das
390 1756 503 1833 Julias,
517 1754 692 1817 indictione
708 1754 769 1816 IX.
781 1752 814 1815 id
831 1759 890 1830 est,
901 1773 986 1815 anno
1002 1750 1124 1815 Christi
1139 1751 1318 1815 DCCXLI.

317 1880 512 1942 quamquam
528 1858 615 1921 enim
630 1856 776 1920 hocloco
795 1878 862 1918 non
879 1855 1006 1938 imperii
1026 1876 1128 1918 annos
1144 1861 1320 1938 computat,

317 1960 374 2025 sed
388 1968 460 2044 post
479 1961 692 2038 consulatum,
708 1980 759 2022 res
779 1958 893 2022 eodem
912 1957 1043 2022 recidit:
1068 1958 1143 2041 quia
1162 1958 1320 2022 Constan-

315 2064 404 2126 tinus
419 2063 528 2146 paucis
552 2062 664 2125 diebus
686 2069 759 2144 post
781 2061 908 2144 imperii
923 2061 1031 2125 natale
1045 2061 1254 2125 consulatum
1269 2061 1320 2126 de·

318 2165 401 2229 disse
415 2165 552 2245 videtur,
569 2167 651 2228 sicut
667 2165 707 2228 de
721 2172 812 2248 patre
828 2164 952 2228 dictum
967 2171 1025 2228 est.
1061 2164 1171 2230 Quare
1183 2164 1226 2228 ad
1240 2165 1322 2229 hanc

317 2291 466 2332 normam
481 2268 646 2351 exigendae
661 2275 739 2331 sunt
752 2268 955 2358 vreliquarum
971 2290 1097 2351 quoque
1115 2268 1322 2351 epistolarum

318 2372 578 2456 subscriptiones,
623 2371 802 2435 Adnotatio
818 2373 855 2434 P.
875 2369 1070 2436 Sirmondi.'’

362 2477 484 2539 concil,
507 2477 569 2539 VI.
592 2498 624 2559 p.
644 2479 697 2554 27,
725 2476 801 2539 “In
829 2475 891 2539 hoc
920 2475 1063 2554 concilio,
1093 2474 1224 2541 Nicaeni
1249 2497 1322 2541 con·

317 2578 382 2642 cilii
411 2580 489 2642 fides
519 2585 552 2642 et
582 2579 717 2642 aliarum
748 2578 944 2662 synodorum
970 2578 1093 2662 judicia
1122 2579 1321 2644 canonicae

317 2682 436 2745 sanetis
465 2681 651 2759 constituta,
682 2683 800 2765 populo
838 2681 1061 2746 denuntianda
1090 2703 1169 2762 esse,
1200 2703 1321 2748 canone

317 2784 421 2869 primo
444 2783 606 2861 definitur,
630 2792 663 2847 et
689 2785 861 2848 Suessione
883 2785 943 2849 sub
967 2786 1105 2869 Pippino
1126 2794 1262 2850 vocatur
1282 2786 1321 2850 ab

318 2887 468 2953 omnibus
483 2887 735 2971 synodographis
757 2887 863 2968 Binio,
880 2888 1061 2968 Sirmondo‚
1078 2889 1221 2969 Labbeo,
1239 2888 1320 2952 Har·

318 2989 429 3054 duino.
474 2992 632 3054 Attamen
654 2990 871 3069 Willibaldus,
888 2992 1091 3075 Biographus
1114 2991 1146 3055 S.
1164 2993 1322 3056 Bonifacii

319 3116 443 3159 coaevus
464 3102 557 3159 vocat
580 3094 730 3178 quintum
753 3095 906 3178 synodale
928 3095 1100 3160 concilium
1126 3096 1187 3160 sub
1215 3096 1322 3160 Carlo-

318 3221 439 3262 manno
456 3200 546 3278 duee,
556 3199 591 3261 in
608 3221 671 3281 quo
688 3199 721 3261 S.
732 3188 918 3262 Bonifaoins
930 3198 1124 3282 praesederit,
1137 3206 1171 3263 et
1186 3207 1324 3282 quatuor

318 3303 544 3385 principalium
568 3303 764 3386 synodorum
789 3303 967 3366 constituta
990 3302 1193 3367 admonuerit
1217 3303 1323 3367 obser-

319 3408 396 3484 vari,
415 3407 679 3470 convenientibus
701 3407 737 3469 in
757 3429 864 3470 unum
886 3408 1040 3491 episcopis
1062 3414 1096 3472 et
1117 3408 1322 3493 presbyteris,

319 3510 507 3573 diaconibus
537 3516 633 3592 atque
663 3510 796 3574 clericis.
859 3510 942 3575 Inde
971 3532 1171 3595 consequens
1201 3519 1261 3591 est,
1286 3518 1323 3575 nt

320 3613 472 3688 dicamus,
495 3613 545 3674 vel
567 3634 638 3675 eam
661 3613 821 3696 synodum
846 3613 991 3678 habitam
1014 3614 1053 3677 in·
1071 3615 1244 3678 Austrasia
1264 3614 1322 3678 sub

321 3715 548 3792 Carlomann0,
565 3737 636 3797 quae
658 3716 717 3780 sub
734 3718 873 3800 Pippino
894 3718 930 3780 in
944 3717 1101 3781 Neustria
1115 3717 1228 3782 habita
1241 3717 1321 3782 fuit:

320 3819 369 3880 vel
397 3818 566 3900 utriusque
596 3818 687 3882 ducis
713 3821 806 3903 jussu
838 3821 1010 3885 Suessione
1040 3821 1227 3885 convenisse
1255 3827 1323 3896 tam

320 3921 494 3996 Neustriae‚
508 3944 604 4004 quam
619 3923 796 3988 Austrasiae
812 3924 986 4010 episcopos,
999 3923 1060 3988 sub
1074 3924 1209 4007 praeside
1225 3925 1323 3988 Boni·

320 4025 412 4101 facio,
426 4046 488 4106 qua
498 4024 596 4087 misso
611 4024 695 4087 sedis
708 4027 899 4108 apostolicae,
908 4027 959 4090 vel
974 4027 1136 4111 episcopos
1148 4026 1325 4092 Austrasiae

322 4134 503 4210 acceptasse
519 4150 565 4206 ea,
582 4151 653 4211 quae
675 4130 846 4193 Suessione
866 4130 1044 4194 constituta
1066 4135 1159 4193 erant
1175 4128 1236 4193 snb
1252 4129 1325 4212 Pip-

319 4232 414 4313 pino:
439 4238 535 4312 atque
549 4254 616 4294 uno
632 4253 670 4295 ex
687 4232 738 4294 his
757 4233 862 4296 tribus
881 4233 985 4297 modis
1005 4233 1159 4297 verificari
1174 4232 1326 4316 quintum

321 4335 474 4415 synodale
497 4336 678 4412 concilium,
702 4335 738 4399 in
764 4358 827 4418 quo
855 4337 894 4400 de
918 4345 1057 4421 quatuor
1086 4337 1198 4420 primis
1229 4357 1325 4420 gene·

321 4437 441 4500 ralibus
454 4438 594 4500 conciliis
605 4447 712 4502 actum
724 4439 822 4503 fuerit
831 4447 913 4504 teste
922 4439 1119 4505 Willibaldo.
1146 4439 1233 4503 Vide
1245 4441 1328 4504 Acta

324 4541 383 4602 SS.
400 4541 440 4602 ad
456 4540 541 4604 diem
555 4542 597 4604 V.
615 4544 635 4605 J
636 4543 715 4621 unii,
731 4566 804 4626 pag.
821 4546 896 4609 468.
912 4546 1064 4610 columna
1078 4543 1254 4609 secunda.'’
