3259 5467
533 1299 666 1373 noun
700 1276 756 1373 nu
790 1298 955 1415 vitun
989 1273 1274 1377 mononis.

691 1689 719 1752 Ι.
764 1687 819 1752 IN
841 1685 1098 1753 EPISTOLAS.

442 1875 599 1939 Pnomnn
610 1873 779 1938 raritatem
790 1874 938 1939 codicum
948 1874 1168 1959 Epistolarum
1179 1876 1295 1942 Sancti
1305 1876 1399 1942 Boni-

397 1977 480 2057 facii,
495 1978 599 2041 fatcor
621 1999 673 2041 me
697 1976 854 2061 imprimis
881 1976 921 2042 de
945 1977 1134 2060 corrigendo
1151 1985 1246 2044 textu
1267 1981 1400 2044 omnino

399 2079 591 2163 desperasse.
639 2079 784 2143 Tandem
810 2079 932 2143 libmm
952 2100 1068 2159 unum,
1092 2081 1249 2165 sequioris
1272 2083 1400 2167 quidem

400 2183 467 2261 aevi,
489 2183 544 2267 qui
568 2183 604 2246 in
627 2182 829 2247 Bibliotheca
856 2181 959 2265 Regia
983 2182 1156 2247 Parisiensi
1177 2183 1239 2248 sub
1263 2206 1399 2250 numero

396 2288 483 2350 3859
497 2287 529 2351 A
544 2292 697 2365 servatur,
707 2292 835 2364 nactus,
849 2285 890 2349 ad
901 2285 1128 2369 corrigendum
1142 2293 1272 2352 textum
1281 2288 1318 2355 in
1332 2311 1398 2354 sex-

397 2389 509 2470 aginta
528 2388 678 2473 epistolis‚
702 2411 780 2473 quas
800 2389 863 2453 iste
883 2388 983 2454 codex
1004 2388 1162 2470 continet,
1181 2412 1251 2456 non
1269 2392 1399 2461 omnino

395 2492 479 2555 nihil
502 2492 632 2575 profeci.
678 2492 837 2558 Quaenam
861 2491 927 2556 sint
949 2493 1020 2556 istae
1042 2492 1194 2577 epistolae,
1217 2495 1329 2576 lactor,
1350 2497 1398 2560 in·

398 2601 508 2678 specta
528 2595 640 2659 tabula
661 2618 733 2678 quae
746 2595 908 2680 praecedit,
924 2596 1141 2681 epistolarum,
1155 2597 1249 2664 facilc
1268 2598 1397 2664 videbit.

396 2699 502 2762 Notas
516 2698 807 2763 Wurdtweinianas
817 2700 883 2763 fera
891 2720 1003 2764 omnes
1014 2700 1217 2781 retinuimus,
1225 2722 1354 2767 necnon
1362 2724 1399 2767 ea

398 2824 469 2885 quae
483 2802 660 2867 identidem
675 2803 840 2867 adnotavit
852 2803 895 2867 'de
913 2803 979 2869 vita
996 2810 1030 2868 et
1049 2803 1148 2888 gestis
1173 2805 1287 2871 Sancti
1302 2806 1397 2872 Boni-

396 2905 480 2985 faofi,
496 2906 581 2970 inter
597 2906 746 2991 epistolas
760 2907 892 2971 inserta.

439 3011 596 3074 Dedimus
611 3017 768 3094 praeterea
778 3010 947 3094 epistolam
957 3009 1131 3076 cuthberti
1142 3011 1292 3093 Abbatis,
1303 3035 1396 3098 quam

398 3113 438 3179 dc
456 3114 548 3179 obitu
569 3115 667 3179 Bedae
688 3115 730 3178 ad
752 3114 961 3180 cuthwinum
984 3115 1119 3180 duexit:
1145 3115 1180 3179 id
1196 3115 1339 3199 quidem,
1360 3125 1396 3182 ut

394 3238 507 3282 omncs
522 3219 671 3302 epistolae,
688 3240 759 3302 quae
773 3217 833 3283 sub
848 3218 942 3282 istius
957 3218 1089 3284 nomine
1107 3218 1246 3284 Abbatis
1261 3219 1395 3286 circum-

394 3320 552 3400 femmtur;
582 3323 617 3386 in
646 3343 751 3385 unum
780 3321 1019 3404 colligerentur.
1079 3320 1122 3386 In
1152 3322 1306 3389 omnibus
1334 3324 1395 3388 illis

394 3444 483 3506 aeque
499 3425 539 3488 de
557 3424 783 3507 gloriosissimo
802 3426 859 3497 illo
875 3425 972 3498 Beda,
983 3426 1101 3510 agitur.
1129 3425 1304 3497 ¹Similiter
1319 3449 1393 3512 quo·

395 3548 455 3608 que
485 3527 635 3610 epistolae,
660 3550 679 3592 a
703 3528 799 3594 beato
822 3529 996 3594 Aldhelmo
1020 3528 1086 3594 sive
1115 3529 1158 3593 ad
1183 3529 1394 3596 Aldhelmum

395 3628 435 3691 ab
461 3629 531 3692 aliis
561 3631 696 3714 scriptae,
720 3654 799 3716 quas
828 3633 915 3696 inter
937 3654 1034 3716 opera
1056 3631 1223 3697 Aldhelmi
1252 3634 1392 3719 [Oxonii

395 3733 464 3798 8vo.
482 3734 581 3818 1844]
601 3756 705 3819 nuper
719 3736 887 3816 edidimus,
903 3736 1038 3801 hicnon
1053 3743 1220 3820 apparent.

435 4111 495 4192 Ep.
521 4113 549 4172 1.
573 4110 651 4192 Pag.
675 4113 729 4173 25.
781 4109 862 4174 Haec
887 4109 1014 4174 videtur
1037 4116 1106 4174 esse
1128 4110 1274 4194 epistola,
1297 4133 1390 4196 quam

392 4213 586 4292 Bonifacius,
602 4212 722 4296 Anglia
737 4213 874 4277 Romam
888 4213 1101 4296 proficiscens,
1115 4212 1155 4277 ab
1171 4214 1320 4298 episcopo
1334 4235 1389 4279 suo

390 4316 523 4400 accepit,
543 4317 584 4380 ad
606 4316 844 4381 conciliandum
862 4316 1004 4381 favorem
1024 4337 1134 4381 eorum
1156 4317 1199 4381 ad
1219 4339 1299 4400 quos
1319 4339 1387 4402 per-

390 4427 544 4483 venturus
558 4421 650 4484 foret.
697 4419 856 4486 Quocirca
878 4427 965 4485 recte
991 4420 1032 4484 ad
1058 4441 1182 4485 annum
1206 4423 1271 4486 718
1292 4421 1386 4486 reser-

389 4522 472 4586 enda
486 4543 554 4586 esse
570 4523 703 4587 videtur.
