3259 5467
312 677 377 743 222
570 697 664 739 norm
680 696 720 738 ur
738 695 853 739 vlnus
870 696 1064 740 cscrrouss.

312 839 367 903 sed
383 860 421 903 ea
434 847 617 922 temporum
632 835 802 899 infelicitas
818 841 897 914 erat,
913 842 951 899 ut
969 835 1124 919 quicquid
1146 833 1223 900 boni
1246 855 1313 899 con-

312 942 437 1007 clusum
452 949 545 1019 esset,
557 940 727 1004 difficulter
738 938 919 1004 executioni
933 939 1155 1004 mandaretur.
1190 939 1318 1003 Carolus

313 1045 399 1109 enim
422 1044 487 1108 dux
509 1043 601 1109 bellis
623 1041 785 1107 continuis
805 1041 948 1121 adactus,
965 1043 1175 1107 ecclesiarum
1196 1042 1314 1106 reditus

313 1168 350 1213 ac
364 1147 676 1212 administrationem
691 1145 779 1210 laicis
794 1151 852 1209 aut
867 1145 991 1211 clericis
1007 1146 1099 1210 nulla
1113 1144 1315 1230 professionis

313 1271 380 1314 suae
404 1249 554 1315 exteriori
579 1257 658 1313 nota
680 1248 843 1331 insignitis
870 1255 1081 1314 concesserat.
1130 1247 1178 1312 Hi
1199 1269 1316 1332 praepo

313 1359 420 1416 tentes
429 1359 522 1416 erant
537 1358 569 1416 et
581 1350 719 1435 Pippino
730 1351 900 1434 negotium
914 1351 1071 1417 facessere
1082 1358 1246 1434 poterant,
1254 1352 1318 1435 jam

313 1455 397 1520 forte
411 1455 452 1520 de
466 1455 563 1519 titulo
578 1455 662 1536 regis
677 1454 870 1519 assumendo
885 1454 1051 1538 cogitanti.
1096 1453 1197 1519 Unde
1212 1454 1319 1518 statim

313 1566 385 1641 post
400 1559 559 1642 synodum
569 1558 792 1641 Liptinensem
803 1557 990 1622 Bonifacius
1005 1557 1096 1636 vidit,
1112 1579 1149 1623 se
1164 1579 1203 1622 ex
1219 1556 1318 1621 tribus

313 1661 469 1725 ordinatis
488 1661 540 1724 vix
559 1661 618 1724 uni
636 1662 741 1724 locum
763 1660 907 1724 invenire
927 1682 1037 1743 posse,
1065 1660 1195 1745 scripsit
1213 1660 1319 1745 itaque

314 1764 355 1827 ad
369 1764 556 1828 Zachariam
570 1765 635 1828 ΡΡ.
652 1764 730 1827 alias
750 1763 885 1842 litteras,
902 1763 1019 1847 quibus
1037 1763 1175 1828 unicum
1192 1769 1319 1829 tantum

313 1867 400 1931 mitti
424 1867 548 1950 rogavit
573 1866 716 1950 pallium.
762 1867 936 1931 Confessus
961 1866 1058 1930 etiam
1083 1873 1145 1945 est,
1170 1865 1318 1931 nonsibi

313 1978 443 2052 gratum
468 1992 547 2050 esse,
574 1971 660 2055 quod
686 1970 806 2049 audiat,
831 1991 890 2053 pro
915 1970 1120 2035 concessione
1150 1970 1318 2053 palliorum

313 2075 484 2156 pecuniam
499 2074 592 2137 sumi.
638 2074 844 2157 Conquestus
864 2073 982 2138 deinde
1001 2080 1051 2137 cst
1066 2073 1106 2136 de
1121 2073 1204 2137 falso
1219 2093 1319 2136 sacer·

315 2176 399 2255 dote,
415 2177 519 2262 quiin
535 2176 683 2262 Bajoaria
702 2198 736 2240 se
753 2198 811 2260 pro
831 2176 980 2260 episcopo
1001 2183 1137 2259 gereret,
1153 2183 1319 2260 tamquam

314 2280 502 2344 aZacharia
523 2283 636 2345 Romae
653 2280 831 2345 ordinatus.
876 2281 958 2345 Mox
977 2285 1150 2364 sequentes
1169 2301 1254 2364 papa
1267 2279 1318 2344 de

315 2381 364 2445 dit
378 2383 627 2466 responsorias.”
643 2385 697 2447 W.

359 2486 419 2566 Ep.
440 2489 492 2562 55,
514 2509 545 2569 p.
569 2489 641 2565 118,
664 2487 686 2549 l.
712 2488 753 2549 10
775 2485 1093 2551 Abel-“Molauus
1114 2485 1151 2548 in
1174 2484 1320 2549 Indiculo

318 2587 511 2651 Sanctorum
536 2589 640 2672 Belgii
665 2611 697 2672 p.
722 2593 752 2655 7.
775 2589 863 2653 hunc
887 2589 933 2653 ait
959 2589 1131 2673 exprimis
1154 2587 1320 2653 bobiensis

316 2690 456 2753 ecclesiae
483 2691 534 2773 (de
553 2713 617 2774 qua
636 2714 685 2775 ep.
711 2692 917 2775 LXXVIII.)
943 2691 1114 2756 abbatibus
1135 2691 1320 2756 ordinatum

316 2792 413 2856 finisse
428 2793 611 2877 episcopum
626 2816 684 2878 pro
699 2795 902 2860 ordinatione
923 2802 956 2859 et
975 2794 1177 2878 plantatione
1195 2793 1319 2860 ecclesi-

316 2919 408 2961 arum
424 2896 486 2960 Dei
501 2904 534 2960 et
548 2899 653 2962 vocari
669 2898 942 2983 archiepiscopum
954 2899 1172 2963 Rhomensem
1185 2899 1235 2981 (ut
1245 2919 1319 2962 sane

315 3000 367 3064 hic
390 3001 532 3083 vocatur)
560 3023 627 3064 non
654 3001 740 3085 quod
766 3002 985 3066 Rhomensem
1010 3001 1179 3065 ecclesiam
1205 3000 1318 3084 guber-

315 3105 411 3183 narit,
436 3104 492 3168 sed
522 3103 598 3188 quia
621 3104 657 3167 in
681 3127 719 3168 ea
743 3105 913 3188 metropoli
939 3104 1195 3188 archiepiscopus
1224 3105 1319 3169 firerit

315 3208 455 3272 titularis
470 3208 511 3272 ad
525 3207 704 3272 infidelium
720 3208 972 3287 conversionem,
982 3215 1016 3273 et
1026 3208 1103 3272 hinc
1114 3209 1213 3293 paulo
1226 3209 1318 3285 infra,

315 3334 374 3395 pro
389 3313 455 3375 solo
472 3312 626 3375 Grimone
641 3311 779 3394 petitum
796 3333 816 3375 a
833 3312 865 3375 S.
882 3311 1049 3377 Bonifacio
1063 3312 1212 3395 pallium:
1247 3311 1320 3376 nuit

316 3436 391 3478 vero
405 3414 499 3491 Abel,
509 3435 595 3477 anno
606 3414 819 3478 MCCCCIX.
832 3435 907 3478 cum
922 3414 992 3480 aliis
1009 3421 1198 3479 sanctorum
1213 3436 1321 3498 corpo·

316 3517 406 3580 ribus
429 3517 613 3596 Binchium,
636 3518 722 3602 quod
746 3525 795 3582 est
821 3518 1007 3582 Harmoniae
1030 3517 1197 3601 oppidum,
1219 3526 1320 3582 trans·

316 3622 411 3684 latus.
456 3619 541 3683 Vide
559 3621 658 3685 etiam
678 3621 862 3686 Arnoldum
879 3621 979 3686 Wion
992 3621 1048 3685 lib.
1065 3623 1097 3685 3.
1113 3621 1136 3684 f.
1153 3623 1252 3685 2633’
1267 3621 1319 3684 W.

317 3726 337 3787 l.
367 3724 408 3787 12
436 3724 553 3787 Sennis
583 3724 836 3789 “Senonensem
865 3746 934 3788 esse
963 3725 1078 3789 urbem
1105 3725 1319 3809 suspicantur,

317 3827 411 3891 sicuti
434 3827 615 3891 Rodoniam
637 3836 670 3892 et
694 3831 866 3895 Remoram
889 3850 961 3912 quae
982 3828 1018 3892 iu
1037 3828 1183 3892 Othlono
1206 3827 1320 3892 scribe·

317 3934 437 3996 bantur
450 3933 472 3995 l.
488 3935 520 4008 2,
535 3952 563 3995 c.
581 3934 632 3997 12.
648 3931 739 4014 Mag.
755 3931 777 3995 l.
788 3935 819 4010 3,
835 3954 867 4014 p.
876 3935 952 4010 411,
968 3952 1037 3996 esse
1053 3931 1274 4015 Bothmagum
1289 3938 1320 3995 et

318 4037 469 4100 Remos.''
485 4037 539 4100 W.

361 4141 426 4202 An.
443 4141 507 4204 743
523 4139 602 4201 “Ex
613 4139 756 4202 Othlono
767 4139 788 4202 l.
804 4142 833 4216 l,
846 4160 874 4203 c.
888 4141 930 4205 37
945 4138 1168 4221 intelligimus,
1181 4138 1321 4202 Saxones

318 4265 406 4307 nunc
435 4241 647 4324 Thuringiam
674 4248 834 4320 vastasse5
872 4241 1056 4326 Thuringos
1094 4239 1320 4306 Carolomanni

319 4347 474 4410 auxilium
497 4345 683 4427 implorasse
710 4352 743 4408 et
766 4346 855 4410 hunc
878 4367 954 4410 mox
976 4344 1054 4429 ipsis
1080 4366 1157 4409 cum
1181 4344 1321 4409 exercitu

320 4448 468 4526 adfuisse,
485 4469 580 4531 quem
596 4447 750 4511 nimirum
765 4470 805 4512 ex
820 4449 970 4532 Bajoaria
983 4470 1042 4532 per
1061 4448 1277 4513 Franconiam
1290 4452 1321 4511 et

321 4549 442 4616 Hassos
459 4552 605 4616 Saxoniae
624 4551 774 4616 admovit.
821 4551 981 4617 Geroldus
1001 4551 1168 4636 episcopus
1183 4553 1321 4636 Magan-
