3259 5467
598 728 638 769 nr
654 726 830 770 maurinis
846 726 1032 770 sruuours.
1272 709 1315 769 83

311 898 423 940 mum:
446 876 568 958 Diliges
583 875 737 938 domiuum
751 873 852 936 Deum
867 878 952 935 tuum
967 893 1006 936 er
1021 878 1085 935 toto
1100 872 1268 951 cordetuo,
1284 880 1315 937 et

314 1003 354 1043 er
366 987 431 1043 totu
447 980 553 1042 auimo
568 985 631 1056 tuo,
647 984 678 1040 et
692 998 732 1040 eu
747 976 885 1039 omuibus
898 976 1014 1038 uiribus
1033 977 1104 1038 turs.
1143 977 1316 1040 Secundum

314 1085 416 1146 simile
431 1089 477 1146 est
492 1083 583 1145 hoie:
606 1082 715 1162 dilipes
723 1080 904 1161 prociarum
918 1085 1003 1142 tuum
1016 1080 1097 1141 siem
1112 1084 1141 1143 te
1155 1081 1265 1160 ipsum,
1281 1081 1316 1143 in

317 1207 381 1268 quo
403 1194 452 1248 est
475 1184 562 1267 quod
583 1183 643 1246 tibi
664 1203 732 1245 non
753 1181 809 1259 vis,
827 1181 920 1245 alteri
942 1202 983 1244 ne
1005 1180 1121 1244 facias:
1146 1182 1232 1264 quod
1248 1183 1317 1266 ipsa

316 1296 434 1351 natura
447 1286 588 1350 bominis
604 1286 707 1365 docet,
724 1284 923 1368 quianullus
937 1284 1006 1348 vult
1021 1285 1118 1348 homo
1133 1292 1171 1349 ut
1186 1286 1216 1349 ei
1236 1286 1318 1350 alter

316 1398 441 1454 noceat.
487 1391 565 1454 Ideo
579 1389 662 1452 nulli
677 1388 773 1452 debet
792 1388 847 1451 ille
862 1409 986 1466 nocere,
1002 1395 1035 1452 et
1056 1387 1139 1452 sicut
1153 1410 1213 1452 nos
1235 1389 1317 1453 desi·

316 1495 465 1559 deramus
485 1502 523 1558 ut
546 1493 601 1557 alii
615 1514 674 1556 nos
689 1491 842 1576 adjuvent
861 1491 896 1553 in
916 1490 1034 1555 nostris
1049 1493 1315 1558 necessitatibus:

315 1597 362 1660 ita
384 1606 418 1661 et
444 1597 522 1660 alios
547 1596 701 1659 debemus
731 1593 882 1678 adjuvare
911 1594 947 1657 in
978 1594 1043 1657 suis
1073 1595 1318 1660 necessitatibus

316 1699 495 1764 secundum
512 1697 629 1763 virium
647 1706 833 1762 nostrarum
855 1696 1109 1781 possibilitatem,
1128 1706 1162 1762 et
1183 1699 1318 1784 benigni

316 1824 385 1866 esse
400 1810 434 1866 et
448 1801 668 1866 misericordes
683 1802 725 1865 ad
739 1800 1016 1880 omnes'bomines,
1027 1801 1110 1865 siout
1121 1802 1212 1866 Deus
1225 1811 1319 1886 pater
1433 1833 1440 1842 ·

316 1907 479 1990 benignus
494 1912 544 1970 est
564 1914 597 1969 et
617 1906 795 1969 misericors
809 1905 846 1968 in
861 1925 929 1982 nos,
947 1904 1002 1987 qui
1017 1905 1117 1968 solem
1132 1928 1226 1970 suum
1242 1907 1319 1970 facit

317 2009 395 2073 oriri
417 2030 512 2093 super
533 2009 636 2073 bonos
659 2017 692 2072 et
713 2008 826 2086 malos,
842 2014 874 2071 et
894 2007 935 2071 ad
955 2007 1179 2071 fructificanda
1195 2009 1320 2074 semina

316 2113 459 2196 pluviam
475 2112 564 2177 dabit
578 2119 673 2176 terrae
688 2117 815 2188 nostrae,
831 2117 869 2174 ut
886 2118 974 2174 terra
994 2110 1153 2193 germinet
1170 2120 1203 2175 et
1222 2112 1319 2177 faciat

316 2216 462 2280 fructum
475 2215 563 2280 unde
577 2222 696 2278 nostrae
710 2212 915 2278 mortalitatis
929 2213 996 2277 vita
1010 2220 1219 2279 sustentetur.
1265 2215 1320 2280 Id-

318 2320 403 2384 circo
426 2319 642 2383 necessarium
667 2324 716 2381 est
741 2317 835 2379 illum
865 2316 1008 2400 diligere,
1033 2324 1066 2380 et
1095 2318 1165 2401 ejus
1190 2317 1320 2383 obedire

317 2422 490 2501 mandatis,
506 2430 544 2485 ut
558 2442 615 2504 per
630 2422 699 2504 ejus
713 2421 868 2505 pietatem
885 2420 925 2483 ab
947 2420 1098 2484 omnibus
1113 2428 1320 2505 protegamur

318 2527 458 2590 adversis
481 2534 513 2589 et
533 2524 662 2589 aeternis
684 2545 741 2607 per
763 2545 838 2587 eum
860 2524 1020 2588 valeamus
1036 2524 1200 2589 abundare
1215 2525 1318 2590 bonis.

319 2651 499 2712 numquam
516 2630 602 2693 enim
625 2629 711 2691 illius
733 2649 792 2692 nos
815 2628 931 2692 deserit
951 2629 1088 2708 bonitas,
1105 2631 1132 2695 si
1153 2631 1239 2695 illius
1262 2653 1321 2696 nos

321 2755 389 2796 non
405 2733 664 2816 derelinquamus
684 2732 895 2810 voluntatem,
912 2745 943 2796 et
962 2733 1110 2798 voluntas
1129 2734 1215 2799 illius
1236 2736 1322 2799 salus

320 2844 370 2898 est
384 2835 478 2898 nobis
493 2842 526 2899 et
541 2835 733 2918 prosperitas
748 2855 785 2898 ac
800 2832 968 2899 beatitudo
982 2843 1112 2900 aeterna.
1158 2837 1238 2902 Ideo
1252 2846 1322 2903 tota

320 2939 441 3002 virtute
460 2939 622 3021 firgiamus
639 2939 718 3002 vitia
737 2945 770 3001 et
790 2938 926 3001 crimina
941 2960 1012 3021 quae
1026 2939 1171 3004 diabolus
1187 2942 1321 3020 suadet,

320 3042 475 3105 facientes
498 3041 594 3120 bona,
617 3062 688 3124 quae
714 3042 801 3104 Deus
827 3043 893 3124 ipse
917 3041 1010 3105 nobis
1032 3043 1182 3126 praecepit
1207 3043 1322 3123 facere,

319 3145 382 3207 hoc
405 3151 454 3208 est
476 3144 681 3209 dilectionem
704 3144 767 3208 Dei
788 3151 822 3208 et
842 3144 988 3227 proximi,
1005 3145 1088 3209 siout
1106 3145 1320 3228 praediximus,

320 3249 475 3330 pietatem
490 3255 524 3312 et
538 3247 789 3311 misericordiam
803 3247 839 3310 in
854 3247 997 3312 miseros.
1028 3248 1107 3311 Non
1122 3249 1221 3311 simus
1236 3251 1322 3314 avari

322 3351 365 3414 ad
379 3350 642 3434 congregandum
662 3351 713 3414 vel
730 3351 931 3429 servandum,
948 3351 1003 3414 sed
1022 3351 1157 3434 benigni
1171 3352 1212 3416 ad
1226 3353 1323 3436 largi·

323 3453 454 3533 endum,
471 3454 547 3537 quia
557 3455 697 3535 proprie
719 3453 835 3517 divitie
856 3455 1004 3518 redemtio
1023 3462 1069 3518 est
1087 3457 1157 3534 oiri,
1174 3463 1207 3520 et
1222 3457 1321 3522 dono-

323 3577 398 3619 rum
413 3578 484 3640 quae
506 3556 541 3619 in
559 3566 717 3639 ¹pauperos
738 3557 833 3634 fiunt,
851 3556 999 3621 Christus
1015 3558 1322 3626 erit'remunerator.

324 3660 413 3721 Sicut
428 3680 509 3741 aquo
520 3660 673 3740 eetiupuit
684 3660 793 3740 ipnem,
803 3659 850 3721 ito
862 3660 1050 3742 eleemosyna
1061 3660 1141 3724 delet
1148 3663 1322 3742 peecatum.

325 3760 481 3825 Similiter
495 3761 637 3845 jejuniis,
656 3769 689 3824 et
713 3761 921 3841 orationibus,
940 3772 973 3827 et
995 3763 1192 3830 abstinentia
1213 3789 1325 3832 carna·

323 3864 405 3927 lium
435 3864 673 3943 desideriorum,
704 3874 737 3928 et
765 3865 800 3927 in
835 3866 1034 3931 confessione
1067 3876 1101 3931 et
1133 3870 1325 3952 poenitentia

325 3969 434 4030 omnia
455 3974 591 4050 possunt
613 3967 713 4032 deleri
733 3978 874 4051 peccata.
922 3969 986 4033 Sed
1003 3971 1112 4034 nullus
1129 3972 1165 4034 in
1185 3974 1325 4054 peccatis

325 4072 391 4134 suis
406 4092 537 4134 securus
549 4072 665 4154 jaceat,
681 4072 756 4154 quia
770 4093 866 4136 nemo
881 4074 1033 4138 ultimum
1047 4075 1193 4156 praescire
1207 4076 1325 4158 poterit

326 4174 422 4248 diem,
442 4174 498 4238 sed
520 4182 631 4257 surgat
652 4196 710 4259 per
731 4175 964 4240 confessionem
986 4184 1020 4242 et
1042 4178 1276 4260 poenitentiom,
1292 4188 1326 4244 et

326 4285 506 4341 revertatur
528 4277 568 4341 ad
591 4278 758 4342 dominum
774 4280 881 4343 Deum
903 4303 1007 4360 suum,
1025 4281 1099 4364 quia
1120 4281 1191 4364 pius
1213 4289 1262 4345 est
1285 4284 1326 4348 ad

325 4380 568 4461 ignoscendum,
584 4381 685 4444 sinos
705 4382 788 4465 pigri
806 4405 873 4446 non
893 4383 1010 4448 erimus
1033 4385 1073 4449 ad
1093 4385 1325 4467 poenitendum.

326 4483 414 4546 Casti
429 4484 529 4546 simus
544 4492 577 4547 et
593 4484 690 4547 sobrii
710 4484 745 4549 in
767 4508 897 4570 corpore
916 4495 1035 4566 nostro,
1051 4488 1278 4554 fornicationes
1293 4498 1325 4555 et

327 4586 404 4649 alias
418 4586 582 4669 fugientes
597 4588 818 4653 immunditias
840 4591 1018 4674 corporales
1038 4598 1070 4655 et
1091 4614 1202 4657 omnes
1223 4594 1326 4659 deleo·
