3259 5467
305 1582 366 1656 Vl.
402 1581 643 1658 ullaulla
671 1581 728 1654 Du
756 1579 1024 1657 VIRTUTIBUS
1058 1582 1156 1662 QUAE
1183 1582 1308 1657 lllSl'l

407 1730 438 1802 S.
461 1725 727 1802 BONIFAOIUS
757 1725 814 1800 ln
845 1725 1045 1803 concaua
1077 1728 1208 1804 SUAM.

352 2209 477 2273 Aonas
491 2230 569 2272 nam
584 2208 695 2273 decem
710 2209 875 2271 transmisi
889 2229 985 2292 poma
1000 2209 1109 2288 sorori,

350 2314 431 2377 Quae
445 2313 480 2375 in
495 2312 584 2395 ligno
599 2311 673 2375 vitae
687 2311 874 2376 crescebant
889 2310 1020 2376 floribus
1035 2312 1137 2390 almis,

350 2416 442 2478 lllius
458 2414 554 2479 sacris
568 2414 754 2499 pendebant
770 2414 877 2478 dulcia
890 2415 997 2492 ramis,

350 2519 433 2582 Cum
448 2518 574 2601 lignum
589 2518 662 2582 vitae
677 2517 839 2601 pendebat
854 2517 890 2581 in
905 2518 1020 2582 arbore
1033 2520 1155 2583 mortis.

349 2621 433 2685 Cum
448 2621 564 2704 quibus
580 2627 613 2685 et
627 2621 743 2685 ludens
758 2620 970 2705 comprendas
985 2622 1104 2717 gaudia
1118 2623 1200 2701 vitae,

345 2726 389 2788 Et
403 2733 437 2788 te
452 2730 598 2788 venturae
613 2724 778 2807 complens
794 2723 966 2788 dulcedine
980 2724 1066 2803 vitae,

347 2826 552 2890 Manducans
567 2826 672 2890 multo
686 2825 851 2910 inspireris
866 2827 1006 2890 nectaris
1020 2826 1149 2892 haustu.

349 2930 515 3013 Spirantes
529 2929 631 3012 replet
646 2929 741 2993 nardi
755 2929 935 3012 fragrantia
948 2951 1052 3008 nares,

348 3033 433 3096 Cum
448 3032 564 3116 quibus
580 3038 613 3096 et
628 3033 721 3096 malis
737 3054 902 3116 compares
916 3055 1018 3115 regna
1032 3035 1160 3098 futura:

347 3135 465 3199 Dulcia
480 3135 525 3200 sic
541 3136 705 3219 quondam
719 3134 894 3200 celebrabis
910 3135 1027 3219 gaudia
1042 3137 1124 3200 coeli.

351 3239 435 3302 Sunt
451 3239 514 3303 alia
528 3238 661 3304 alterius
676 3239 757 3322 ligni
772 3239 976 3304 acerbissima
990 3240 1085 3319 mala,

349 3340 510 3406 Pestifero
524 3348 662 3406 vernant
678 3364 749 3426 quae
763 3343 799 3406 in
813 3343 904 3425 ligno
919 3343 1032 3407 mortis
1048 3364 1182 3425 amarae:

348 3445 541 3512 QuaeAdam
550 3445 749 3510 manducans
759 3445 830 3511 dira
839 3453 887 3511 est
896 3453 1079 3511 cummorte
1088 3455 1283 3532 peremptua

349 3547 476 3611 Infecta
490 3548 617 3631 antiqui
631 3549 775 3632 flatuque
790 3555 823 3612 et
838 3548 913 3612 felle
930 3548 1076 3614 draconis

346 3650 494 3734 Viperea,
509 3657 548 3714 ut
564 3651 686 3726 dudum
701 3672 776 3735 sepe
790 3652 934 3734 maligna
947 3651 1072 3717 redono

346 3753 482 3817 Nitatur
495 3753 611 3837 palmis
624 3754 694 3819 haec
708 3777 888 3839 numquam
903 3761 1038 3840 tangere
1052 3757 1159 3844 virgo:

348 3856 508 3920 Mandere
523 3878 620 3940 quem
634 3857 725 3922 nefas
740 3865 789 3922 est
804 3863 837 3923 et
853 3864 983 3942 gustare
993 3859 1178 3944 profanum,

345 3957 399 4022 Ne
414 3959 528 4024 dentes
543 3959 702 4024 strideant
716 3961 834 4026 firscati
848 3967 939 4045 peste
954 3962 1106 4046 maligna,

344 4062 477 4127 Talibus
492 4070 549 4128 aut
564 4063 657 4128 malis
670 4063 865 4148 frangantur
879 4064 990 4129 federa
1003 4072 1125 4145 sancta,
1157 4052 1159 4062 Α

345 4165 409 4229 Vel
424 4166 532 4248 superi
546 4165 709 4230 incassum
722 4166 900 4251 perdantur
914 4167 1037 4251 premia
1050 4168 1153 4251 regni.

344 4267 484 4332 Cernere
496 4268 568 4351 quis
578 4269 697 4353 poterit
708 4291 845 4335 numero
856 4276 913 4335 aut
925 4270 996 4354 quis
1007 4269 1147 4335 calculus
1159 4277 1264 4355 aequat

346 4370 524 4453 Splendida
538 4393 610 4455 quae
625 4371 749 4437 stolidis
763 4373 912 4458 praestavi
925 4394 1063 4438 munera
1078 4374 1161 4439 sedis

343 4475 374 4536 Α
389 4495 455 4559 qua
468 4474 638 4557 praesentis
652 4476 864 4542 moderantur
878 4477 1032 4562 dogmata
1047 4477 1130 4556 vitae,

339 4577 448 4660 Atque
463 4577 575 4642 futura
589 4579 663 4643 novi
677 4586 873 4665 prestantur
886 4581 1019 4665 praemia
1032 4582 1141 4666 regni:
