3259 5467
569 698 662 741 norm
678 698 719 740 nr
735 697 851 742 veura
867 699 1062 744 nncrronss.
1252 685 1311 747 271

357 840 544 906 Editionem
552 863 669 906 novam
683 862 788 926 nuper
802 840 891 905 dedit
902 843 1049 907 Pertzius
1063 843 1150 908 inter
1165 847 1186 880 “
1194 843 1315 909 Monu-

311 951 426 1008 menta
441 945 649 1009 Germaniae'’
666 946 721 1010 &e
739 944 828 1009 unde
847 945 884 1012 in
902 944 1049 1030 pluribus
1067 946 1145 1011 locis
1165 947 1316 1012 emenda·

312 1048 419 1112 tiones
442 1053 551 1111 textus
572 1049 609 1111 in
630 1049 715 1112 hanc
737 1045 913 1112 editionem
933 1069 1040 1113 meam
1067 1049 1195 1115 adscivi.
1241 1050 1316 1116 Quo

313 1149 401 1214 dicto
430 1151 541 1214 omnia
569 1151 644 1230 dixi,
675 1171 747 1234 quae
775 1151 817 1214 de
847 1151 1014 1216 Bonifacio
1037 1156 1071 1216 et
1097 1151 1222 1236 scriptis
1247 1153 1316 1236 ejus

314 1253 451 1316 dicenda
464 1252 659 1317 habueram:
683 1253 739 1318 sed
749 1253 802 1316 vix
816 1254 927 1318 lectori
941 1254 1118 1319 valedicere
1131 1255 1221 1319 valeo
1237 1255 1316 1338 quin

312 1356 402 1438 prius
432 1355 567 1420 defleam
597 1355 683 1440 quod
707 1363 777 1420 tam
798 1359 889 1441 parvi
914 1361 1027 1420 extant
1049 1355 1147 1442 hujus
1176 1358 1316 1422 auctoris

313 1457 448 1537 codices,
462 1459 551 1523 unde
570 1458 713 1543 epistolae
723 1460 804 1544 ‘ejus
819 1457 984 1524 emendari
998 1466 1031 1524 et
1046 1480 1096 1524 res
1112 1467 1212 1544 gestae
1225 1461 1314 1525 illus-

312 1561 393 1624 trari
406 1562 687 1646 possint—Spero
700 1569 810 1626 tamen
825 1584 878 1626 me
892 1583 960 1627 non
972 1560 1070 1646 longo
1084 1569 1157 1648 post
1171 1568 1315 1648 tempore

315 1664 510 1727 Sanctorum
531 1665 760 1748 Apostolorum
780 1665 902 1744 limina,
925 1664 1013 1729 unde
1033 1684 1092 1749 per
1112 1669 1198 1729 totas
1219 1662 1315 1730 hasce

313 1767 526 1848 occidentales
547 1774 655 1853 partes
672 1775 903 1833 emanaverunt
924 1767 1018 1833 bonae
1038 1766 1150 1846 literae,
1169 1767 1314 1832 visitatu·

311 1890 399 1932 rum:
409 1870 486 1933 inde
498 1868 731 1954 digredientem
742 1869 846 1936 Italiae
857 1877 890 1936 et
901 1869 1084 1936 Germanice
1093 1866 1314 1948 bibliothecas,

313 1972 341 2035 si
358 1973 441 2035 mihi
461 1971 597 2038 facultas
620 1975 802 2058 contigerit,
821 1973 1070 2058 exploratumm.
1115 1971 1200 2036 'lum
1218 1974 1250 2036 'si
1268 1973 1316 2036 ita

311 2074 392 2138 mihi
406 2075 539 2140 fortuna
553 2077 693 2141 arriserit
707 2084 746 2142 ut
761 2099 859 2142 novos
873 2077 997 2142 codices
1012 2075 1171 2141 Bonifocii
1192 2097 1313 2154 eruam,

312 2179 404 2242 nulla
414 2179 542 2262 jactura
556 2180 709 2263 temporis
724 2181 809 2244 tanti
823 2180 904 2244 mihi
924 2179 1093 2258 constabit,
1109 2178 1189 2262 quin
1204 2178 1315 2242 sedulo

313 2302 425 2345 omnes
440 2282 612 2361 conferam,
629 2289 661 2346 et
676 2283 785 2346 omnia
798 2282 876 2347 inde
896 2302 1073 2366 excerpam,
1090 2302 1161 2364 quae
1175 2280 1217 2344 ad
1230 2280 1315 2344 hanc
1396 2365 1401 2374 .

313 2405 382 2447 rem
393 2390 550 2467 spectent.
574 2385 702 2464 Omnia,
713 2407 784 2468 quae
793 2407 833 2451 ex
843 2385 904 2453 hoc
918 2385 1027 2449 labore
1038 2383 1184 2448 obtinere
1192 2389 1314 2466 potero,

313 2489 485 2571 separatim
500 2489 714 2571 supplementi
728 2488 798 2552 loco
813 2488 906 2553 edam
921 2494 955 2554 et
968 2487 1041 2568 illis,
1055 2487 1110 2571 qui
1124 2486 1208 2553 hanc
1221 2484 1314 2551 editi-

314 2610 410 2655 onem
424 2591 573 2670 emerint,
588 2590 843 2656 communicabo.

359 3210 548 3303 Sequuntur
576 3215 786 3301 Epitaphium
814 3220 848 3279 et
877 3234 996 3291 versus,
1027 3210 1081 3295 qui
1109 3210 1145 3275 in
1173 3209 1313 3275 editione

312 3320 590 3388 Wurdtvveiniana
604 3324 787 3398 occurrunt,
802 3323 836 3382 et
849 3315 979 3394 tobulae,
996 3336 1074 3398 quas
1095 3312 1137 3380 ad
1150 3314 1313 3378 illustran-

315 3428 390 3493 dam
404 3423 644 3507 chronologiam
658 3422 759 3489 leetor
772 3420 925 3506 perutiles
939 3418 1092 3483 inveniet.
