3259 5467
688 707 725 750 lu
742 705 931 750 nrisrocas.
1248 683 1309 746 193

309 856 380 920 lum
395 862 539 940 regeret;
562 856 589 919 is
605 876 677 918 vero
692 853 826 916 minime
841 872 875 914 se
894 851 1028 934 dignum
1047 872 1115 915 esse
1130 849 1311 934 Episcopali

311 982 447 1024 munere
470 959 629 1024 referebat
653 965 686 1020 et
712 978 753 1019 ne
777 956 812 1017 in
837 955 929 1018 annis
956 954 1179 1018 adolescentiae
1205 954 1311 1018 adhuc

312 1064 489 1132 constituto
503 1068 605 1126 tantae
626 1059 793 1142 dignitatis
815 1058 980 1141 fastigium
995 1059 1224 1141 imponeretur,
1240 1079 1310 1142 pre-

313 1167 403 1230 cibus
418 1167 567 1230 omnibus
587 1163 739 1240 instabat,
755 1162 876 1224 addens
899 1183 931 1225 se
950 1184 969 1224 a
985 1162 1140 1243 Gregorio
1155 1162 1311 1225 Pontifice

311 1270 348 1331 in
365 1269 573 1334 Germaniam
591 1269 750 1331 directum
770 1286 838 1329 esse
861 1264 901 1328 ad
921 1265 1160 1348 praedicandum
1174 1265 1311 1328 infideli-

312 1373 374 1436 bus
389 1372 610 1455 Evangelium.
656 1370 811 1433 Discessit
829 1369 928 1451 igitur
946 1390 963 1432 e
984 1369 1086 1432 Prisia
1104 1370 1312 1453 pervenitque

317 1479 403 1557 (oum
418 1477 454 1540 in
472 1476 628 1539 Palatiolo
647 1474 732 1537 infra
746 1473 892 1538 Treviros
911 1473 1086 1537 diversatus
1107 1473 1183 1537 inde
1203 1495 1312 1536 secum

314 1580 456 1643 duxisset
475 1579 679 1661 Gregorium)
698 1579 739 1641 ad
756 1578 874 1655 locum,
890 1577 942 1639 cui
962 1598 1082 1640 nomen
1104 1583 1153 1639 est
1170 1577 1312 1640 Amana·

313 1683 465 1766 burgum,
480 1682 537 1745 ubi
555 1682 688 1746 collecta
707 1701 773 1743 non
792 1701 895 1764 pauca
909 1680 1045 1743 fratrum
1066 1681 1313 1763 congregatione

313 1785 545 1849 monasterium
571 1784 761 1861 construxit,
785 1790 818 1846 et
845 1783 1022 1860 Cattorum,
1046 1782 1101 1864 qui
1123 1782 1314 1846 contermini

314 1899 392 1952 sunt
412 1888 602 1966 saxonibus,
623 1895 725 1951 terras
743 1886 832 1964 adiit,
849 1907 965 1969 eosque
985 1884 1025 1949 ab
1044 1885 1203 1949 idolorum
1222 1886 1314 1949 cultu

314 1999 478 2055 revocatos
493 2013 582 2056 sacro
598 1991 791 2073 baptismate
805 1989 932 2053 imbuit.

359 2101 380 2130 “
393 2095 626 2158 Saluberrimos
640 2095 735 2161 hosce
750 2093 825 2157 fidei
841 2093 1015 2157 Catholicae
1029 2113 1214 2175 progressus
1233 2094 1313 2157 Gre-

314 2198 403 2280 gorio
429 2199 580 2262 Pontifici
606 2198 724 2262 litteris
752 2197 907 2275 notificat,
933 2196 1030 2259 misso
1060 2196 1101 2259 ad
1127 2218 1201 2261 eum
1227 2198 1314 2260 fideli

315 2302 464 2384 quodam,
480 2302 611 2365 nomine
627 2303 744 2379 Binna,
761 2300 817 2384 qui
834 2301 958 2363 litteras
973 2300 1149 2382 Apostolici
1164 2302 1314 2365 Praesulis

314 2407 437 2486 retulit,
460 2407 549 2490 queis
572 2407 709 2469 Romam
730 2402 902 2468 accersitus
925 2410 973 2467 est
996 2404 1197 2481 Bonifacius3
1225 2405 1252 2468 is
1274 2407 1315 2470 ad

316 2532 480 2572 summum
501 2508 691 2572 obedientiae
713 2507 849 2589 gradum
871 2507 1079 2586 contendens,
1100 2507 1238 2571 fratrum
1260 2531 1314 2591 ag2

314 2612 404 2675 mine
419 2613 555 2695 stipatus
570 2633 645 2675 mox
659 2611 789 2673 Italiam
804 2611 896 2693 petit,
906 2611 1148 2695 conspectisque
1160 2613 1315 2677 Romanae

316 2715 417 2778 Urbis
432 2715 593 2778 moenihus
608 2715 679 2777 Deo
701 2734 800 2796 agens
821 2713 939 2795 gratias
959 2713 1127 2778 beatorum
1146 2715 1315 2799 Apostolo-

314 2838 392 2879 rum
418 2816 593 2899 patrocinio
619 2838 653 2879 se
679 2816 924 2879 commendavit.
971 2816 1137 2880 Romanus
1166 2819 1316 2883 Pontifex

316 2919 409 2982 illum
426 2919 466 2982 ad
482 2941 515 2982 se
536 2919 646 2982 statim
668 2919 808 2981 invitans
818 2917 860 3001 [et
878 2918 982 2982 verbis
999 2919 1209 2984 familiaribus
1232 2923 1315 2987 salu·

318 3028 426 3084 tatum
441 3021 616 3084 honorifico
631 3021 829 3085 xenodochio
845 3021 1018 3103 deputavit.
1058 3020 1250 3105 Opportuno
1265 3025 1317 3089 dic

271 3125 275 3130 ’
317 3123 354 3185 in
368 3123 512 3186 Ecclesia
528 3123 560 3186 S.
577 3124 666 3187 Petri
688 3124 925 3202 convenientes,
942 3123 981 3186 de
1004 3124 1148 3208 symbolo
1171 3132 1203 3189 et
1218 3127 1316 3189 tradi-

318 3227 407 3291 tione
421 3228 496 3290 fidei
512 3228 684 3291 Catholicae
698 3228 835 3292 miscent
858 3227 1015 3310 colloquia
1030 3227 1106 3291 dein
1120 3228 1156 3290 in
1171 3228 1316 3292 chartam

318 3331 430 3393 relata.
476 3330 624 3413 Cumque
645 3331 681 3394 in
702 3332 852 3395 omnibus
872 3330 1023 3394 Pontifici
1039 3331 1167 3395 fecisset
1184 3332 1270 3411 satis,
1286 3335 1316 3398 ei

318 3433 507 3496 intimatum
523 3441 581 3510 est,
597 3434 682 3517 quod
697 3435 908 3517 Episcopatus
924 3433 1027 3517 gradu
1044 3435 1084 3499 sit
1099 3435 1315 3517 honorandus,

319 3543 357 3598 ut
372 3557 410 3599 eo
426 3537 626 3601 constantius
641 3545 784 3601 ementes
796 3537 953 3620 quoslibet
963 3537 1119 3622 corrigere
1130 3547 1163 3604 et
1178 3541 1219 3605 ad
1232 3542 1317 3606 viam

318 3639 463 3702 veritatis
485 3649 669 3704 convertere
689 3648 805 3724 posset,
822 3662 885 3724 quo
903 3642 1006 3725 major
1025 3644 1317 3731 auctoritate-Apo-

320 3743 441 3807 stohoae
474 3743 640 3826 dignitatis
676 3744 854 3823 fulciretur,
888 3753 1034 3828 essetque
1069 3749 1192 3812 cunctis
1225 3757 1321 3815 tanto

321 3846 482 3929 acceptior
495 3848 531 3910 in
548 3848 744 3931 praedicandi
762 3849 873 3927 officio,
891 3850 1101 3932 quantoplus
1121 3852 1316 3934 claresceret,

321 3949 398 4032 quia
412 3950 453 4012 ad
467 3950 528 4014 hoc
543 3972 563 4013 a
576 3952 711 4033 praesule
726 3951 892 4015 ordinatus
908 3959 991 4015 esset
1002 3952 1197 4035 Apostolico.
1236 3955 1318 4022 Quae

321 4053 431 4118 omnia
445 4054 492 4116 vir
507 4055 569 4118 Dei
585 4055 742 4137 sagaciter
761 4055 955 4138 expendens,
971 4053 1203 4122 benedictionis
1217 4066 1317 4126 tantae

320 4157 459 4241 gratiam
473 4179 541 4221 non
555 4158 722 4221 recusavit.

367 4260 600 4324 “Adveniente
625 4261 726 4344 igitur
748 4262 817 4346 ejus
839 4260 1049 4326 ordinationis
1072 4261 1133 4340 die,
1157 4286 1228 4347 quae
1249 4275 1318 4332 crat

320 4365 423 4448 pridie
433 4365 655 4428 Kalendarum
666 4364 904 4443 Decembrium,
913 4365 949 4428 in
958 4364 1058 4428 natali
1067 4367 1169 4431 sancti
1179 4367 1320 4435 Andreae

321 4468 479 4552 Apostoli,
494 4475 532 4532 ut
547 4468 749 4532 Bonifaeium
770 4468 812 4532 ad
826 4467 1042 4532 obedientiam
1064 4469 1126 4534 sibi
1144 4492 1318 4537 successor-

321 4572 457 4656 ihusque
483 4572 549 4636 suis
572 4571 795 4651 exhibendam,
821 4593 881 4637 nco
907 4594 974 4638 uon
997 4572 1041 4650 ad
1065 4595 1194 4638 omnem
1223 4598 1330 4642 sacrae·
