3259 5467
528 732 714 776 amanam
733 732 776 774 nn
793 732 1010 777 worumnus.
1208 716 1269 778 115

472 1019 665 1063 numurus
681 1019 895 1062 cnnlsnlnun
912 1020 1074 1064 naamon.

314 1187 384 1249 H1c
401 1187 483 1249 inte
499 1206 650 1250 numeros
665 1206 769 1249 sacras
783 1185 836 1249 vix
851 1186 918 1250 sola
932 1206 1055 1251 sorores

312 1288 466 1353 Vestibus
481 1289 516 1352 in
532 1291 647 1372 spretis
662 1289 766 1372 specie
782 1289 857 1372 quia
870 1289 994 1372 nigrior
1008 1298 1098 1354 exsto

314 1393 415 1456 Stulti
429 1413 481 1455 me
497 1400 654 1475 spernunt
670 1393 794 1455 cunctis
810 1392 980 1475 dispectior
994 1414 1036 1456 en
1051 1415 1123 1457 sum

312 1497 355 1559 In
369 1496 463 1558 terris
479 1517 639 1578 nusquam
655 1495 813 1559 similatur
827 1495 919 1559 vilior
934 1496 1001 1559 ulla

273 1673 275 1676 ⁸
311 1598 487 1663 Libertatis
503 1621 596 1683 opem
611 1599 771 1662 Dominus
787 1599 842 1662 sed
858 1599 987 1662 dabitur
1003 1600 1105 1663 aethra
1114 1626 1122 1677 ;

312 1701 383 1765 Ima
399 1703 465 1766 solo
480 1709 639 1785 quantum
654 1709 783 1767 tantum
800 1703 843 1765 fio
857 1703 1003 1785 proxima
1018 1703 1098 1767 coelo
1113 1728 1119 1765 :

311 1807 424 1869 Terras
439 1806 573 1870 indutus
588 1827 640 1869 me
655 1805 803 1869 Christus
819 1805 976 1888 sanguine
992 1806 1101 1870 salvat.

310 1909 423 1971 Ardua
438 1909 592 1972 coelorum
607 1909 800 1973 conscendet
817 1909 960 1973 culmina
975 1909 1096 1986 nullus,

313 2012 348 2072 Si
363 2032 415 2074 me
430 2011 512 2075 forte
528 2018 614 2075 caret
629 2011 815 2095 propriane
829 2011 913 2074 forte
929 2031 1053 2074 sorores

312 2115 396 2177 Cum
411 2114 552 2178 Domino
568 2114 697 2178 Christo
712 2136 779 2177 una
793 2114 835 2177 sit
850 2114 1014 2177 carissima
1029 2135 1146 2197 sponsa

312 2217 471 2280 Ruricolae
486 2223 518 2281 et
532 2237 624 2299 reges
637 2217 741 2300 peteri
754 2216 965 2299 innuptaeque
979 2217 1105 2299 puellae,

312 2320 482 2383 Innumeri
496 2320 607 2384 heroes
622 2320 693 2383 nati
707 2319 893 2383 melioribus
909 2318 1012 2396 annis,

313 2423 507 2487 Sanctorum
521 2424 680 2486 excellens
695 2429 876 2506 martyrum
890 2421 1027 2506 pulchra
1042 2443 1160 2487 corona

311 2525 538 2609 Terribilisque
552 2525 611 2589 viri
625 2525 747 2590 meritis
763 2546 838 2590 cum
853 2525 1010 2589 matribus
1026 2526 1119 2591 almis

312 2630 354 2692 In
369 2635 462 2692 tanto
477 2649 612 2693 numero
627 2634 760 2713 excepta
774 2650 827 2693 me
842 2627 963 2693 viribus
979 2629 1084 2694 audax

312 2731 492 2795 Altithroni
506 2732 615 2795 nullus
631 2732 735 2815 capiet
749 2733 803 2816 pia
818 2731 935 2814 gaudia
949 2732 1044 2814 regis.

313 2837 334 2897 J
336 2835 441 2917 ugiter
456 2841 489 2897 et
503 2834 615 2897 nutrix
629 2840 662 2898 et
677 2835 780 2898 tutrix
794 2834 945 2898 omnibus
960 2834 1084 2913 adsum,

312 2936 440 3000 AEterni
454 2937 584 3020 placans
599 2943 632 3001 et
647 2937 792 3000 mulcens
806 2945 938 3020 pectora
951 2935 1047 3019 regis.

312 3039 442 3103 Flebilis
457 3046 491 3104 et
505 3060 623 3103 vacuus
638 3039 797 3104 vocitatur
811 3045 922 3103 mente
936 3038 1112 3102 menachus

311 3145 395 3207 Acta
409 3165 482 3208 mea
496 3163 593 3226 pravo
607 3143 753 3207 tumidus
768 3143 795 3206 si
810 3143 905 3207 corde
920 3142 1041 3204 refutat

311 3245 493 3328 Terrigenis
507 3245 618 3329 paucis
633 3243 823 3329 comprobor
838 3243 983 3308 amabilis
998 3242 1123 3326 hospes,

312 3349 355 3411 Et
370 3354 482 3412 tamen
496 3348 672 3412 altithrona
685 3354 763 3412 nato
778 3347 951 3411 lectissima
965 3345 1054 3428 virgo

312 3452 442 3515 Throno
457 3471 563 3515 comes
577 3451 685 3535 plures
700 3451 822 3515 ducens
836 3471 894 3535 per
908 3449 1010 3514 aethra
1023 3449 1168 3533 falanges

312 3554 446 3617 Viribus
461 3561 494 3617 et
510 3554 618 3638 sponsi
632 3554 735 3618 fideus
750 3576 824 3617 sum
839 3558 951 3617 sancta
964 3552 1075 3635 virago

314 3658 396 3741 Regi
410 3678 584 3739 regnorum
598 3678 672 3720 mea
686 3657 820 3740 simplex
835 3656 956 3720 foedera
970 3676 1071 3719 servo.

624 4013 827 4057 VIRGINITAS
844 4013 912 4056 Am.

312 4184 410 4246 Vrsa
424 4187 588 4265 perpetuae
601 4200 740 4243 vernans
754 4200 830 4243 cum
844 4179 977 4243 floribus
993 4178 1086 4242 almis

312 4286 433 4350 Inclita
447 4305 523 4348 cum
538 4283 655 4348 sanctis
669 4282 828 4347 virtutum
844 4290 932 4366 gesto
948 4301 1109 4359 coronam,

276 4456 279 4463 ,
313 4389 412 4471 Regis
428 4386 586 4452 seclorum
600 4393 738 4450 matrem
753 4385 907 4450 comitata
921 4384 1073 4462 Mariam,

313 4491 468 4555 Gaudens
484 4512 556 4574 quae
571 4489 685 4574 genuit
699 4488 866 4573 proprium
879 4487 1024 4572 paritura
1036 4491 1214 4570 parentem,

246 4577 251 4584 ¹
314 4594 420 4678 Impia
434 4593 489 4678 qui
503 4592 632 4677 proprio
648 4591 780 4658 salvavit
794 4590 954 4674 sanguine
970 4588 1072 4655 saecla.
