<?xml version="1.0" encoding="UTF-8"?>
<!DOCTYPE html PUBLIC "-//W3C//DTD XHTML 1.0 Transitional//EN"
    "http://www.w3.org/TR/xhtml1/DTD/xhtml1-transitional.dtd">
<html xmlns="http://www.w3.org/1999/xhtml" xml:lang="en" lang="en">
 <head>
  <title>
</title>
<meta http-equiv="Content-Type" content="text/html;charset=utf-8" />
  <meta name='ocr-system' content='tesseract 3.04.00' />
  <meta name='ocr-capabilities' content='ocr_page ocr_carea ocr_par ocr_line ocrx_word'/>
</head>
<body>
  <div class='ocr_page' id='page_1' title='image "./operaquaeextant00bonigoog_0098.png"; bbox 0 0 3259 5467; ppageno 0'>
   <div class='ocr_carea' id='block_1_1' title="bbox 609 710 1321 774">
    <p class='ocr_par' dir='ltr' id='par_1_1' title="bbox 609 710 1321 774">
     <span class='ocr_line' id='line_1_1' title="bbox 609 710 1321 774; baseline 0.001 -3"><span class='ocrx_word' id='word_1_1' title='bbox 609 728 654 772; x_wconf 74' lang='lat' dir='ltr'><strong>nr</strong></span> <span class='ocrx_word' id='word_1_2' title='bbox 669 729 838 773; x_wconf 76' lang='lat' dir='ltr'><strong>unnuums</strong></span> <span class='ocrx_word' id='word_1_3' title='bbox 854 731 1039 774; x_wconf 81' lang='lat' dir='ltr'><strong>snuuouus.</strong></span> <span class='ocrx_word' id='word_1_4' title='bbox 1281 710 1321 774; x_wconf 90' lang='lat'><strong>91</strong></span> 
     </span>
    </p>
   </div>
   <div class='ocr_carea' id='block_1_2' title="bbox 310 869 1325 2171">
    <p class='ocr_par' dir='ltr' id='par_1_2' title="bbox 310 869 1325 2171">
     <span class='ocr_line' id='line_1_2' title="bbox 315 869 1324 954; baseline 0.001 -21"><span class='ocrx_word' id='word_1_5' title='bbox 315 869 427 934; x_wconf 91' lang='lat' dir='ltr'><strong>hibete</strong></span> <span class='ocrx_word' id='word_1_6' title='bbox 450 890 526 953; x_wconf 86' lang='lat' dir='ltr'><strong>ergo</strong></span> <span class='ocrx_word' id='word_1_7' title='bbox 547 891 601 934; x_wconf 88' lang='lat' dir='ltr'><strong>vos</strong></span> <span class='ocrx_word' id='word_1_8' title='bbox 630 869 756 953; x_wconf 86' lang='lat' dir='ltr'><strong>dignos,</strong></span> <span class='ocrx_word' id='word_1_9' title='bbox 776 870 894 954; x_wconf 85' lang='lat' dir='ltr'><strong>quibus</strong></span> <span class='ocrx_word' id='word_1_10' title='bbox 913 869 1053 936; x_wconf 81' lang='lat' dir='ltr'><strong>ooelestis</strong></span> <span class='ocrx_word' id='word_1_11' title='bbox 1072 876 1105 934; x_wconf 91' lang='lat' dir='ltr'><strong>et</strong></span> <span class='ocrx_word' id='word_1_12' title='bbox 1126 875 1248 935; x_wconf 85' lang='lat' dir='ltr'><strong>aeterna</strong></span> <span class='ocrx_word' id='word_1_13' title='bbox 1268 869 1324 934; x_wconf 84' lang='lat' dir='ltr'><strong>illa</strong></span> 
     </span>
     <span class='ocr_line' id='line_1_3' title="bbox 316 972 1321 1058; baseline 0 -22"><span class='ocrx_word' id='word_1_14' title='bbox 316 973 420 1054; x_wconf 83' lang='lat' dir='ltr'><strong>gloria</strong></span> <span class='ocrx_word' id='word_1_15' title='bbox 443 973 636 1052; x_wconf 82' lang='lat' dir='ltr'><strong>conferatur,</strong></span> <span class='ocrx_word' id='word_1_16' title='bbox 663 995 761 1058; x_wconf 86' lang='lat' dir='ltr'><strong>quam</strong></span> <span class='ocrx_word' id='word_1_17' title='bbox 784 980 865 1038; x_wconf 85' lang='lat' dir='ltr'><strong>tuno</strong></span> <span class='ocrx_word' id='word_1_18' title='bbox 887 975 1021 1058; x_wconf 89' lang='lat' dir='ltr'><strong>potestis</strong></span> <span class='ocrx_word' id='word_1_19' title='bbox 1048 972 1190 1056; x_wconf 79' lang='lat' dir='ltr'><strong>adipisci,</strong></span> <span class='ocrx_word' id='word_1_20' title='bbox 1215 972 1321 1039; x_wconf 87' lang='lat' dir='ltr'><strong>sivos</strong></span> 
     </span>
     <span class='ocr_line' id='line_1_4' title="bbox 317 1075 1323 1142; baseline 0.001 -3"><span class='ocrx_word' id='word_1_21' title='bbox 317 1082 448 1140; x_wconf 84' lang='lat' dir='ltr'><strong>sanctos</strong></span> <span class='ocrx_word' id='word_1_22' title='bbox 469 1077 505 1140; x_wconf 89' lang='lat' dir='ltr'><strong>in</strong></span> <span class='ocrx_word' id='word_1_23' title='bbox 526 1076 677 1140; x_wconf 89' lang='lat' dir='ltr'><strong>omnibus</strong></span> <span class='ocrx_word' id='word_1_24' title='bbox 699 1076 840 1142; x_wconf 81' lang='lat' dir='ltr'><strong>servetis.</strong></span> <span class='ocrx_word' id='word_1_25' title='bbox 886 1076 1059 1142; x_wconf 82' lang='lat' dir='ltr'><strong>Abstinete</strong></span> <span class='ocrx_word' id='word_1_26' title='bbox 1085 1098 1141 1140; x_wconf 89' lang='lat' dir='ltr'><strong>vos</strong></span> <span class='ocrx_word' id='word_1_27' title='bbox 1166 1075 1206 1140; x_wconf 83' lang='lat' dir='ltr'><strong>ab</strong></span> <span class='ocrx_word' id='word_1_28' title='bbox 1232 1077 1323 1140; x_wconf 93' lang='lat' dir='ltr'><strong>omni</strong></span> 
     </span>
     <span class='ocr_line' id='line_1_5' title="bbox 317 1178 1323 1263; baseline 0.001 -21"><span class='ocrx_word' id='word_1_29' title='bbox 317 1200 415 1263; x_wconf 90' lang='lat' dir='ltr'><strong>opere</strong></span> <span class='ocrx_word' id='word_1_30' title='bbox 439 1179 535 1257; x_wconf 87' lang='lat' dir='ltr'><strong>malo,</strong></span> <span class='ocrx_word' id='word_1_31' title='bbox 560 1179 601 1243; x_wconf 89' lang='lat' dir='ltr'><strong>ab</strong></span> <span class='ocrx_word' id='word_1_32' title='bbox 625 1179 709 1258; x_wconf 94' lang='lat' dir='ltr'><strong>odio,</strong></span> <span class='ocrx_word' id='word_1_33' title='bbox 731 1179 919 1258; x_wconf 85' lang='lat' dir='ltr'><strong>inimicitiis,</strong></span> <span class='ocrx_word' id='word_1_34' title='bbox 942 1178 1162 1257; x_wconf 78' lang='lat' dir='ltr'><strong>ebrietatibus,</strong></span> <span class='ocrx_word' id='word_1_35' title='bbox 1185 1178 1323 1243; x_wconf 80' lang='lat' dir='ltr'><strong>fornica·</strong></span> 
     </span>
     <span class='ocr_line' id='line_1_6' title="bbox 318 1281 1323 1367; baseline 0.001 -21"><span class='ocrx_word' id='word_1_36' title='bbox 318 1282 466 1360; x_wconf 60' lang='lat' dir='ltr'><strong>tiones&#39;a</strong></span> <span class='ocrx_word' id='word_1_37' title='bbox 494 1282 582 1347; x_wconf 87' lang='lat' dir='ltr'><strong>furto</strong></span> <span class='ocrx_word' id='word_1_38' title='bbox 613 1290 646 1347; x_wconf 93' lang='lat' dir='ltr'><strong>et</strong></span> <span class='ocrx_word' id='word_1_39' title='bbox 674 1283 824 1367; x_wconf 85' lang='lat' dir='ltr'><strong>perjurio.</strong></span> <span class='ocrx_word' id='word_1_40' title='bbox 871 1283 958 1349; x_wconf 78' lang='lat' dir='ltr'><strong>Quia</strong></span> <span class='ocrx_word' id='word_1_41' title='bbox 985 1283 1054 1346; x_wconf 85' lang='lat' dir='ltr'><strong>haeo</strong></span> <span class='ocrx_word' id='word_1_42' title='bbox 1083 1282 1193 1347; x_wconf 86' lang='lat' dir='ltr'><strong>omnia</strong></span> <span class='ocrx_word' id='word_1_43' title='bbox 1216 1288 1249 1347; x_wconf 89' lang='lat' dir='ltr'><strong>et</strong></span> <span class='ocrx_word' id='word_1_44' title='bbox 1271 1281 1323 1347; x_wconf 89' lang='lat' dir='ltr'><strong>his</strong></span> 
     </span>
     <span class='ocr_line' id='line_1_7' title="bbox 318 1384 1324 1470; baseline 0.002 -22"><span class='ocrx_word' id='word_1_45' title='bbox 318 1385 438 1448; x_wconf 81' lang='lat' dir='ltr'><strong>similia</strong></span> <span class='ocrx_word' id='word_1_46' title='bbox 465 1384 534 1449; x_wconf 91' lang='lat' dir='ltr'><strong>odit</strong></span> <span class='ocrx_word' id='word_1_47' title='bbox 563 1386 664 1463; x_wconf 90' lang='lat' dir='ltr'><strong>Deus,</strong></span> <span class='ocrx_word' id='word_1_48' title='bbox 689 1394 723 1450; x_wconf 93' lang='lat' dir='ltr'><strong>et</strong></span> <span class='ocrx_word' id='word_1_49' title='bbox 752 1406 806 1450; x_wconf 88' lang='lat' dir='ltr'><strong>eos</strong></span> <span class='ocrx_word' id='word_1_50' title='bbox 834 1386 889 1470; x_wconf 90' lang='lat' dir='ltr'><strong>qui</strong></span> <span class='ocrx_word' id='word_1_51' title='bbox 914 1384 978 1450; x_wconf 83' lang='lat' dir='ltr'><strong>ista</strong></span> <span class='ocrx_word' id='word_1_52' title='bbox 999 1385 1124 1450; x_wconf 79' lang='lat' dir='ltr'><strong>faciunt</strong></span> <span class='ocrx_word' id='word_1_53' title='bbox 1148 1385 1263 1469; x_wconf 91' lang='lat' dir='ltr'><strong>puniet</strong></span> <span class='ocrx_word' id='word_1_54' title='bbox 1288 1385 1324 1450; x_wconf 92' lang='lat' dir='ltr'><strong>in</strong></span> 
     </span>
     <span class='ocr_line' id='line_1_8' title="bbox 315 1487 1322 1571; baseline 0.001 -20"><span class='ocrx_word' id='word_1_55' title='bbox 315 1487 439 1551; x_wconf 79' lang='lat' dir='ltr'><strong>futuro.</strong></span> <span class='ocrx_word' id='word_1_56' title='bbox 486 1487 601 1552; x_wconf 86' lang='lat' dir='ltr'><strong>Estote</strong></span> <span class='ocrx_word' id='word_1_57' title='bbox 629 1508 707 1570; x_wconf 86' lang='lat' dir='ltr'><strong>ergo</strong></span> <span class='ocrx_word' id='word_1_58' title='bbox 735 1487 882 1571; x_wconf 88' lang='lat' dir='ltr'><strong>benigni,</strong></span> <span class='ocrx_word' id='word_1_59' title='bbox 903 1488 1143 1567; x_wconf 84' lang='lat' dir='ltr'><strong>misericordes,</strong></span> <span class='ocrx_word' id='word_1_60' title='bbox 1172 1489 1322 1567; x_wconf 85' lang='lat' dir='ltr'><strong>humiles,</strong></span> 
     </span>
     <span class='ocr_line' id='line_1_9' title="bbox 316 1589 1323 1675; baseline 0 -21"><span class='ocrx_word' id='word_1_61' title='bbox 316 1589 437 1674; x_wconf 82' lang='lat' dir='ltr'><strong>pudici,</strong></span> <span class='ocrx_word' id='word_1_62' title='bbox 452 1597 487 1654; x_wconf 91' lang='lat' dir='ltr'><strong>et</strong></span> <span class='ocrx_word' id='word_1_63' title='bbox 502 1611 541 1655; x_wconf 79' lang='lat' dir='ltr'><strong>ea</strong></span> <span class='ocrx_word' id='word_1_64' title='bbox 555 1612 681 1674; x_wconf 89' lang='lat' dir='ltr'><strong>semper</strong></span> <span class='ocrx_word' id='word_1_65' title='bbox 696 1599 866 1675; x_wconf 84' lang='lat' dir='ltr'><strong>operantes</strong></span> <span class='ocrx_word' id='word_1_66' title='bbox 881 1592 1003 1674; x_wconf 83' lang='lat' dir='ltr'><strong>quaein</strong></span> <span class='ocrx_word' id='word_1_67' title='bbox 1018 1590 1137 1655; x_wconf 82' lang='lat' dir='ltr'><strong>sanctis</strong></span> <span class='ocrx_word' id='word_1_68' title='bbox 1152 1590 1218 1654; x_wconf 88' lang='lat' dir='ltr'><strong>suis</strong></span> <span class='ocrx_word' id='word_1_69' title='bbox 1232 1590 1323 1655; x_wconf 90' lang='lat' dir='ltr'><strong>Deus</strong></span> 
     </span>
     <span class='ocr_line' id='line_1_10' title="bbox 310 1693 1324 1778; baseline 0.004 -24"><span class='ocrx_word' id='word_1_70' title='bbox 310 1693 435 1776; x_wconf 86' lang='lat' dir='ltr'><strong>diligit,</strong></span> <span class='ocrx_word' id='word_1_71' title='bbox 450 1700 489 1756; x_wconf 91' lang='lat' dir='ltr'><strong>ut</strong></span> <span class='ocrx_word' id='word_1_72' title='bbox 504 1693 633 1777; x_wconf 90' lang='lat' dir='ltr'><strong>possitis</strong></span> <span class='ocrx_word' id='word_1_73' title='bbox 655 1715 730 1757; x_wconf 87' lang='lat' dir='ltr'><strong>cum</strong></span> <span class='ocrx_word' id='word_1_74' title='bbox 748 1694 868 1759; x_wconf 82' lang='lat' dir='ltr'><strong>sanetis</strong></span> <span class='ocrx_word' id='word_1_75' title='bbox 891 1695 961 1778; x_wconf 85' lang='lat' dir='ltr'><strong>ejus</strong></span> <span class='ocrx_word' id='word_1_76' title='bbox 984 1693 1026 1758; x_wconf 86' lang='lat' dir='ltr'><strong>ad</strong></span> <span class='ocrx_word' id='word_1_77' title='bbox 1046 1694 1146 1758; x_wconf 86' lang='lat' dir='ltr'><strong>vitam</strong></span> <span class='ocrx_word' id='word_1_78' title='bbox 1166 1700 1324 1758; x_wconf 83' lang='lat' dir='ltr'><strong>aetemam</strong></span> 
     </span>
     <span class='ocr_line' id='line_1_11' title="bbox 316 1796 1324 1880; baseline 0.001 -21"><span class='ocrx_word' id='word_1_79' title='bbox 316 1796 496 1880; x_wconf 87' lang='lat' dir='ltr'><strong>pervenire,</strong></span> <span class='ocrx_word' id='word_1_80' title='bbox 510 1817 569 1879; x_wconf 92' lang='lat' dir='ltr'><strong>per</strong></span> <span class='ocrx_word' id='word_1_81' title='bbox 584 1798 605 1860; x_wconf 87' lang='lat' dir='ltr'><strong>J</strong></span> <span class='ocrx_word' id='word_1_82' title='bbox 606 1817 697 1861; x_wconf 92' lang='lat' dir='ltr'><strong>esum</strong></span> <span class='ocrx_word' id='word_1_83' title='bbox 712 1797 880 1861; x_wconf 84' lang='lat' dir='ltr'><strong>Christum</strong></span> <span class='ocrx_word' id='word_1_84' title='bbox 895 1797 1073 1862; x_wconf 78' lang='lat' dir='ltr'><strong>Dominum</strong></span> <span class='ocrx_word' id='word_1_85' title='bbox 1093 1803 1252 1875; x_wconf 87' lang='lat' dir='ltr'><strong>nostrum,</strong></span> <span class='ocrx_word' id='word_1_86' title='bbox 1268 1796 1324 1879; x_wconf 92' lang='lat' dir='ltr'><strong>qui</strong></span> 
     </span>
     <span class='ocr_line' id='line_1_12' title="bbox 317 1899 1322 1984; baseline -0.003 -20"><span class='ocrx_word' id='word_1_87' title='bbox 317 1922 377 1964; x_wconf 86' lang='lat' dir='ltr'><strong>nos</strong></span> <span class='ocrx_word' id='word_1_88' title='bbox 392 1904 563 1983; x_wconf 84' lang='lat' dir='ltr'><strong>protegere</strong></span> <span class='ocrx_word' id='word_1_89' title='bbox 583 1901 620 1963; x_wconf 91' lang='lat' dir='ltr'><strong>in</strong></span> <span class='ocrx_word' id='word_1_90' title='bbox 641 1900 801 1980; x_wconf 91' lang='lat' dir='ltr'><strong>omnibus,</strong></span> <span class='ocrx_word' id='word_1_91' title='bbox 818 1907 852 1965; x_wconf 91' lang='lat' dir='ltr'><strong>et</strong></span> <span class='ocrx_word' id='word_1_92' title='bbox 874 1921 933 1965; x_wconf 86' lang='lat' dir='ltr'><strong>sua</strong></span> <span class='ocrx_word' id='word_1_93' title='bbox 954 1900 1059 1984; x_wconf 85' lang='lat' dir='ltr'><strong>gratia</strong></span> <span class='ocrx_word' id='word_1_94' title='bbox 1080 1899 1231 1984; x_wconf 81' lang='lat' dir='ltr'><strong>adjuvare</strong></span> <span class='ocrx_word' id='word_1_95' title='bbox 1253 1899 1322 1982; x_wconf 87' lang='lat' dir='ltr'><strong>dig-</strong></span> 
     </span>
     <span class='ocr_line' id='line_1_13' title="bbox 316 2001 1325 2088; baseline -0.001 -23"><span class='ocrx_word' id='word_1_96' title='bbox 316 2009 425 2067; x_wconf 88' lang='lat' dir='ltr'><strong>netur.</strong></span> <span class='ocrx_word' id='word_1_97' title='bbox 465 2002 534 2085; x_wconf 89' lang='lat' dir='ltr'><strong>Ipsi</strong></span> <span class='ocrx_word' id='word_1_98' title='bbox 549 2003 651 2086; x_wconf 86' lang='lat' dir='ltr'><strong>gloria</strong></span> <span class='ocrx_word' id='word_1_99' title='bbox 665 2024 740 2069; x_wconf 88' lang='lat' dir='ltr'><strong>cum</strong></span> <span class='ocrx_word' id='word_1_100' title='bbox 748 2004 846 2069; x_wconf 84' lang='lat' dir='ltr'><strong>Patre</strong></span> <span class='ocrx_word' id='word_1_101' title='bbox 861 2011 895 2069; x_wconf 91' lang='lat' dir='ltr'><strong>et</strong></span> <span class='ocrx_word' id='word_1_102' title='bbox 907 2002 1202 2088; x_wconf 78' lang='lat' dir='ltr'><strong>Spiritu-sanctum</strong></span> <span class='ocrx_word' id='word_1_103' title='bbox 1215 2001 1325 2069; x_wconf 83' lang='lat' dir='ltr'><strong>omnia</strong></span> 
     </span>
     <span class='ocr_line' id='line_1_14' title="bbox 312 2105 1058 2171; baseline 0 -1"><span class='ocrx_word' id='word_1_104' title='bbox 312 2105 437 2170; x_wconf 75' lang='lat' dir='ltr'><strong>saecula</strong></span> <span class='ocrx_word' id='word_1_105' title='bbox 456 2106 657 2171; x_wconf 77' lang='lat' dir='ltr'><strong>saecidorum.</strong></span> <span class='ocrx_word' id='word_1_106' title='bbox 1056 2105 1058 2109; x_wconf 76' lang='grc'><strong>’</strong></span> 
     </span>
    </p>
   </div>
   <div class='ocr_carea' id='block_1_3' title="bbox 0 0 1644 5467">
    <p class='ocr_par' dir='ltr' id='par_1_3' title="bbox 0 0 1644 5467">
     <span class='ocr_line' id='line_1_15' title="bbox 0 0 1644 5467; baseline 0 0"><span class='ocrx_word' id='word_1_107' title='bbox 0 0 1644 5467; x_wconf 95' lang='lat' dir='ltr'><strong> </strong></span> 
     </span>
    </p>
   </div>
  </div>
 </body>
</html>
