3259 5467
317 674 379 735 154
675 690 756 733 vira
773 656 957 733 eov1ra011'

313 832 500 897 abscondita
508 838 656 915 patenter
666 831 791 915 aperuit
802 858 811 910 ;
836 837 868 895 et
883 853 1003 914 magna
1016 853 1150 914 precum
1161 832 1314 896 instantia

314 937 356 1000 ad
370 956 562 999 consensum
577 957 644 998 suae
658 934 833 999 voluntatis
849 935 952 999 sancti
971 935 1031 997 viri
1046 936 1195 999 animum
1209 957 1315 1019 provo-

314 1040 405 1104 cavit.
451 1039 518 1105 Qui
532 1039 630 1102 etiarn
644 1060 764 1122 magna
774 1039 923 1122 primitus
940 1038 1152 1103 admiratione
1168 1039 1315 1122 obstupe-

314 1143 428 1222 factus,
454 1142 599 1226 poscenti
633 1163 710 1205 sane
745 1142 1003 1226 supplicantique
1034 1141 1254 1207 desideratum
1279 1141 1317 1205 ad

314 1253 442 1329 tempus
464 1245 658 1310 contradixit
679 1245 761 1308 iter:
786 1253 824 1309 ut
839 1245 936 1329 coepti
955 1244 1110 1329 propositi
1130 1245 1258 1310 sedaret
1271 1245 1318 1307 in-

315 1350 481 1413 dustriam.
528 1348 593 1413 Sed
616 1348 657 1411 ad
677 1355 867 1427 extremum,
883 1349 1099 1413 invalescente
1117 1348 1319 1432 omnipoten-

314 1453 357 1516 tis
377 1453 440 1516 Dei
460 1452 669 1536 providentia,
686 1452 848 1517 convaluit
868 1452 967 1516 etiam
989 1473 1093 1517 sermo
1111 1451 1265 1535 petentis,
1287 1459 1318 1514 et

314 1563 408 1620 tanta
426 1556 564 1620 Abbatis
588 1556 790 1638 fratrumque
812 1577 945 1619 suorum
967 1576 1075 1619 secum
1095 1555 1156 1620 sub
1181 1554 1319 1638 regulari

315 1659 483 1743 disciplina
505 1658 680 1722 viventium
707 1658 876 1722 devotione
900 1658 1089 1741 adoptatum
1115 1658 1319 1723 inchoaverat

314 1763 386 1840 iter,
412 1762 616 1845 Dominoque
645 1763 716 1827 Deo
746 1761 951 1845 dispensante
981 1763 1207 1845 compleverat,
1229 1767 1268 1824 ut
1291 1760 1319 1822 ei

315 1865 413 1930 ctiam
426 1865 562 1929 humani
582 1872 730 1949 sumptus
748 1865 863 1929 solatia
880 1865 1020 1935 libenter
1040 1864 1268 1948 impenderent
1286 1869 1318 1926 et

314 1991 433 2051 magna
447 1969 550 2033 cordis
572 1969 796 2047 commotione,
811 1968 1049 2054 lachrymarum
1069 1968 1193 2032 diutius
1207 1965 1317 2030 infusi-

314 2094 401 2151 ones,
428 2072 610 2137 orationum
640 2072 896 2155 supplicationes
913 2094 978 2155 ,pro
1007 2092 1046 2136 eo
1074 2071 1117 2136 ad
1138 2071 1318 2136 Dominum

314 2176 497 2240 funderent.
544 2174 608 2240 Hic
623 2176 720 2240 etiam
736 2175 814 2238 dum
830 2175 988 2259 spirituali
1003 2175 1204 2239 confortabis
1215 2194 1316 2237 arma·

314 2285 397 2357 tura,
421 2286 454 2343 et
476 2279 620 2344 saeculari
643 2279 834 2343 sublimatus
853 2286 1031 2362 sumptura,
1051 2278 1222 2361 utriusque
1244 2277 1316 2340 vitae

314 2381 480 2465 stipendiis
502 2383 635 2447 minime
653 2390 785 2460 careret,
808 2382 961 2446 adhibitis
986 2404 1095 2446 secum
1112 2381 1240 2446 duobus
1260 2386 1315 2443 aut

313 2484 417 2548 tribus
440 2486 603 2565 fratribus,
634 2508 770 2570 quorum
799 2486 964 2570 corporali,
990 2485 1212 2569 spiritualique
1233 2482 1315 2548 indi-

315 2588 411 2670 gebat
426 2590 653 2668 sustentaculo,
667 2591 829 2674 profectus
844 2597 911 2654 cst:
935 2611 972 2653 ac
987 2590 1032 2653 sic
1046 2589 1212 2654 immensis
1227 2610 1315 2672 pera·

314 2691 414 2773 gratis
429 2698 523 2755 terrae
540 2692 694 2776 partibus,
710 2715 861 2778 prospero
881 2715 978 2757 ovans
996 2693 1135 2757 fratrum
1150 2693 1315 2770 comitatu,

313 2797 459 2877 pervenit
481 2797 521 2860 ad
539 2797 645 2863 locum
666 2798 724 2862 ubi
744 2803 813 2862 erat
833 2798 941 2861 forum
961 2819 1070 2861 rerum
1089 2797 1263 2875 venalium,
1283 2802 1314 2859 et

313 2920 415 2982 usquc
451 2900 546 2964 hodie
576 2901 710 2984 antiquo
742 2902 925 2986 Anglorum
962 2901 1191 2985 Saxonumque
1228 2922 1314 2964 voca-

313 3001 389 3067 bulo
414 3005 592 3088 appellatur
617 3004 813 3069 Luidevvinc.
858 3005 908 3069 Ac
930 3026 998 3069 non
1021 3005 1126 3069 multo
1154 3009 1315 3068 transacto

312 3108 518 3190 postliminio,
542 3115 717 3173 nautarum
739 3109 864 3172 naviter
891 3129 993 3173 novus
1019 3108 1149 3191 quidem
1178 3108 1314 3191 epibata,

313 3213 535 3279 consentiente
556 3214 729 3292 Nauclero,
748 3234 917 3296 aggressus
939 3219 987 3276 est
1007 3235 1132 3290 navem,
1154 3213 1314 3295 nauloque

313 3316 467 3400 impenso,
483 3339 634 3401 prospero
651 3323 822 3382 ventorum
837 3317 927 3394 flatu,
942 3317 1087 3399 pervenit
1105 3316 1147 3380 ad
1162 3317 1312 3381 Dorstat:

313 3418 421 3501 ibique
447 3421 633 3504 aliquandiu
659 3427 883 3498 commoratur,
907 3419 1053 3484 debitum
1076 3419 1220 3484 Domino
1246 3421 1314 3486 Deo

314 3523 445 3586 exsolvit
465 3524 516 3587 die
535 3531 698 3606 noctuque
719 3523 925 3608 praeconium.
979 3523 1042 3586 Sed
1058 3523 1213 3606 quoniam
1228 3522 1314 3606 gravi

313 3624 485 3706 ingruente
505 3627 709 3711 Paganorum
731 3628 864 3712 impetu,
884 3627 1010 3691 hostilis
1029 3633 1141 3691 exorta
1160 3626 1313 3691 dissensio

314 3727 400 3791 inter
421 3730 572 3794 Carolum
592 3732 784 3815 Principem,
808 3732 1046 3815 gloriosumque
1062 3731 1191 3795 Ducem
1216 3731 1314 3797 Fran-

314 3851 434 3911 corum,
445 3840 478 3898 et
494 3833 686 3898 Radbodum
695 3836 819 3917 Regem
834 3835 1015 3912 Frcsorum,
1027 3832 1162 3917 populos
1174 3854 1215 3897 ex
1228 3840 1313 3897 utra·

313 3957 375 4018 que
403 3945 494 4020 parte
522 3937 742 4022 perturbabat,
766 3937 967 4021 maximaque
996 3958 1070 4020 pars
1098 3935 1314 4001 Ecclesiarum

314 4042 433 4108 Christi
453 4063 524 4126 quae
541 4043 737 4106 Francorum
762 4041 852 4124 prius
872 4041 908 4104 in
927 4041 1037 4105 Prasia
1056 4038 1203 4124 subjecta
1223 4046 1313 4104 crant

311 4149 454 4232 imperia
471 4145 618 4212 Radbodi
638 4145 848 4209 incumbente
862 4144 1083 4228 persecutione
1097 4164 1135 4207 ae
1150 4164 1313 4208 servorum

312 4252 376 4318 Dei
385 4253 470 4317 facta
481 4249 676 4334 expulsione,
687 4255 811 4313 vastata
826 4255 905 4327 erat,
917 4269 954 4312 ac
965 4248 1139 4326 destructa,
1154 4246 1313 4311 idolorum

313 4377 439 4441 quoque
459 4356 586 4419 cultura
607 4352 760 4417 extructis
782 4352 990 4416 delubrorum
1019 4349 1103 4414 fanis
1131 4348 1313 4433 lugubriter

312 4465 474 4524 renovata.
504 4458 595 4520 Tunc
609 4457 657 4521 vir
672 4456 734 4520 Dei
748 4462 917 4539 prospecta
930 4453 1148 4539 perversitatis
1168 4453 1314 4536 nequitia

312 4563 456 4647 pervenit
472 4560 513 4626 ad
528 4560 656 4639 Trecht,
671 4560 779 4642 ibique
797 4559 969 4643 aliquantis
984 4557 1176 4642 exspectatis
1191 4555 1313 4634 diebus,
