3259 5467
312 703 352 763 18
586 718 761 762 uouiracn
779 716 1042 760 aucumrrscorl

361 1193 515 1256 Allocutio
529 1190 721 1255 sccmdotam
736 1189 774 1252 de
787 1190 937 1272 comuyiis
950 1190 1070 1253 illicitis
1084 1190 1128 1253 cd
1134 1191 1265 1272 plebem.

358 1372 435 1434 Fini
453 1369 603 1449 hominis,
619 1368 849 1452 speculatorem
867 1367 959 1450 posui
975 1373 1010 1431 te
1028 1368 1064 1431 in
1085 1369 1205 1452 populo
1222 1390 1311 1433 meo:

315 1473 448 1537 audiens
463 1495 539 1557 ergo
559 1494 597 1537 ex
617 1494 671 1536 ore
690 1492 762 1535 meo
782 1492 962 1534 sermonem
983 1471 1191 1535 annuntiabis
1212 1471 1258 1535 eis
1275 1493 1313 1535 ex

315 1598 377 1656 mc,
393 1599 460 1640 11011
474 1599 513 1641 ex
527 1585 570 1642 te.
603 1576 639 1638 Si
652 1597 705 1639 me
720 1574 847 1638 dicente
862 1574 902 1637 ad
919 1574 1072 1658 impium:
1090 1574 1198 1658 impie,
1211 1581 1313 1638 morte

315 1680 477 1758 morieris3
503 1701 571 1743 non
591 1678 690 1742 fucris
711 1679 838 1741 locutus
859 1685 896 1741 ut
919 1699 953 1740 se
975 1677 1134 1742 custodiat
1155 1677 1274 1760 impius
1295 1699 1314 1740 a

315 1784 367 1847 via
381 1806 448 1862 sna,
463 1784 531 1867 ipse
545 1783 661 1867 impius
675 1781 711 1844 in
725 1781 897 1863 iniquitate
912 1803 970 1845 sua
987 1781 1160 1844 morietur:
1185 1780 1313 1863 sangui-

316 1909 391 1950 nem
417 1893 525 1951 autem
551 1887 620 1969 ejus
646 1885 686 1949 de
711 1907 811 1948 manu
838 1891 896 1947 tua
920 1885 1092 1967 requiram.
1143 1884 1178 1946 Si
1205 1892 1313 1947 autem

317 1991 556 2055 annuntiaveris
580 1989 689 2073 impic,
716 1994 749 2052 et
774 1988 829 2051 ille
853 2009 921 2050 non
949 1988 1046 2051 fuerit
1075 2008 1246 2051 conversus
1275 1985 1313 2050 ab

316 2094 481 2177 impietate
501 2115 559 2157 sua
579 2100 612 2157 et
631 2092 682 2155 via
702 2113 760 2154 sua
778 2091 887 2174 impia,
902 2091 970 2173 ipse
992 2090 1122 2173 quidem
1140 2089 1177 2152 in
1197 2089 1313 2173 iniqui-

316 2204 384 2261 tate
399 2219 458 2260 sua
471 2196 636 2272 morietur,
650 2202 689 2257 tu
708 2200 818 2258 autem
838 2194 978 2257 animam
998 2199 1089 2257 tuam
1104 2192 1185 2256 lucri
1199 2192 1312 2256 fecisti.

319 2300 383 2362 Sed
398 2306 430 2363 et
446 2298 473 2361 si
487 2318 656 2362 conversus
675 2299 783 2380 justus
804 2319 824 2360 a
841 2297 969 2379 justitia
988 2319 1046 2360 sua
1065 2296 1176 2360 fecerit
1195 2295 1313 2380 iniqui·

316 2409 427 2481 tatem,
450 2422 567 2485 ponam
593 2400 822 2464 offendiculum
848 2421 955 2463 coram
980 2422 1027 2478 ec,
1050 2400 1118 2483 ipse
1139 2400 1313 2476 morietur-5

317 2506 480 2589 quianon
502 2504 701 2568 annuntiasti
723 2504 763 2582 ei,
785 2504 821 2566 in
842 2510 974 2586 peccato
996 2526 1054 2568 suo
1075 2503 1252 2567 morietur:
1282 2508 1314 2565 et

316 2631 384 2672 non
399 2615 494 2673 erunt
513 2609 549 2672 in
568 2608 722 2671 memoria
737 2607 872 2693 justitiae
891 2609 960 2691 ejus
976 2630 1054 2690 quas
1068 2607 1162 2670 fecit:
1186 2605 1314 2688 sangui-

317 2734 392 2776 nem
415 2734 489 2777 vero
512 2714 580 2796 ejus
604 2711 644 2775 de
667 2733 766 2774 mann
789 2717 848 2774 tua
869 2711 1038 2793 requiram.
1086 2710 1121 2773 Si
1144 2717 1255 2774 autem
1276 2716 1314 2773 tu

317 2816 556 2879 annuntiaveris
575 2815 674 2900 justo,
697 2822 735 2877 ut
758 2835 825 2877 non
848 2821 957 2897 peccet
975 2815 1093 2897 justus,
1116 2820 1150 2878 et
1171 2814 1226 2878 ille
1248 2835 1314 2878 non

316 2918 501 3002 peccaverit,
520 2918 627 2981 vivens
649 2917 742 2994 vivet,
762 2917 837 3000 quia
856 2917 1056 2981 annuntiasti
1076 2916 1115 2996 ei,
1135 2923 1168 2981 et
1187 2924 1227 2982 tu
1246 2916 1313 2982 ani-

316 3044 402 3085 mam
416 3029 507 3085 tuam
521 3019 673 3085 liberasti.

360 3125 486 3204 Videte,
506 3124 564 3188 filii
584 3123 756 3202 Carissimi,
778 3123 871 3207 quale
892 3122 986 3186 nobis
1006 3123 1166 3188 incumbit
1189 3123 1312 3207 pericu-

316 3229 394 3309 lum,
418 3229 445 3292 si
469 3233 623 3292 tacemus.
667 3227 773 3306 Absit,
798 3226 892 3304 absit,
915 3231 954 3289 ut
976 3233 1124 3290 nostrum
1149 3226 1313 3290 silentium

316 3340 456 3396 vestrum
469 3332 526 3394 fiat
542 3330 694 3394 exitium:
718 3331 814 3394 sivos
835 3351 989 3409 amamus,
1004 3330 1138 3413 prodere
1159 3329 1312 3394 debemus

316 3434 402 3518 quod
426 3432 524 3510 laedit,
547 3454 589 3495 ne
612 3433 719 3497 veniat
745 3433 831 3516 quod
856 3433 980 3498 occidit.
1029 3434 1116 3517 Ergo
1142 3433 1313 3516 diligenter

317 3537 472 3601 advertite
485 3556 577 3598 voces
592 3536 654 3599 Dei
672 3537 917 3620 nost1i‚quibus
936 3558 990 3600 vos
1008 3544 1095 3600 vetat
1115 3559 1134 3601 a
1154 3530 1325 3622 conjugiis*

316 3637 544 3716 criminalibus,
553 3647 591 3701 ut
604 3639 716 3702 vivatis
731 3640 858 3703 aeternis
873 3641 942 3723 ejus
956 3640 1155 3704 muneribus.
1187 3640 1313 3703 Clamat

316 3763 388 3806 ecce
403 3743 492 3805 Deus
507 3749 625 3821 noster,
642 3749 674 3806 et
694 3742 846 3808 humanae
864 3743 1005 3807 libidinis
1020 3744 1176 3806 inlicitam
1189 3743 1313 3807 rabiem

316 3845 491 3929 praevidens
513 3851 731 3909 contestatur:
761 3868 803 3910 ne
827 3847 897 3929 quis
918 3846 1080 3929 polluatur
1101 3868 1175 3910 cum
1197 3853 1311 3925 matre,

317 3975 383 4016 non
403 3974 477 4016 cum
499 3973 642 4031 noverca,
658 3975 725 4016 non
746 3974 820 4017 cum
840 3974 946 4017 sorore
968 3974 1007 4016 ex
1029 3960 1120 4036 patre
1141 3958 1229 4032 nata,
1245 3974 1312 4017 non

316 4078 390 4120 cum
406 4076 510 4119 sorore
526 4078 564 4120 ex
578 4063 680 4119 matre
694 4063 773 4119 nata
780 4082 790 4134 3
814 4057 878 4119 sive
892 4056 980 4119 intus
995 4057 1059 4119 sive
1073 4056 1151 4119 foris
1165 4064 1245 4119 nata
1259 4055 1310 4120 sit.

316 4160 394 4223 Nou
415 4181 489 4223 cum
511 4160 577 4223 filia
597 4160 655 4222 filii
677 4161 760 4238 filiae,
775 4182 843 4223 non
865 4181 939 4223 cum
960 4168 1057 4243 nepte
1078 4181 1117 4223 ex
1136 4159 1202 4224 filia
1222 4166 1310 4239 nata,

316 4285 383 4327 11011
397 4285 471 4326 011111
485 4263 551 4326 filia
563 4284 717 4341 novercae,
732 4284 800 4326 11011
814 4284 887 4325 cum
907 4284 1013 4326 sorore
1027 4263 1137 4347 patris,
1153 4285 1222 4326 non
1237 4285 1310 4328 cum

316 4388 421 4430 sorore
442 4367 564 4445 matris,
587 4388 651 4429 non
676 4388 749 4430 cum
770 4388 869 4430 uxore
891 4367 1007 4450 patrui,
1028 4389 1095 4430 11011
1118 4388 1192 4430 cum
1213 4388 1309 4445 nuru,

316 4492 381 4532 non
401 4491 475 4532 cum
494 4491 592 4533 uxore
611 4470 729 4548 fratris,
745 4491 812 4532 non
834 4491 908 4533 cum
929 4470 995 4532 filia
1016 4470 1133 4548 uxoris,
1149 4491 1217 4533 non
1236 4492 1309 4532 cum

314 4573 380 4635 filia
399 4572 456 4636 filii
475 4573 581 4636 uxoris
600 4579 674 4649 tuae,
691 4595 757 4636 11011
777 4594 852 4636 01110
874 4573 940 4636 filia
961 4572 1033 4637 filiae
1055 4573 1134 4657 ejus,
1149 4594 1217 4636 11011
1238 4595 1310 4636 cum
