3259 5467
508 718 510 722 ⁴
536 713 576 754 rr
593 713 766 756 nsarrms
784 714 956 759 concurs.
1200 701 1242 764 2⁷

484 955 514 1016 6.
539 974 730 1019 corennum
748 976 1003 1021 sunssrouuusr.

241 1092 309 1155 Sub
332 1093 466 1176 Pippino
491 1097 608 1178 nwjore
633 1096 740 1159 domae
764 1098 857 1179 repioe
883 1098 923 1160 ab
948 1099 1097 1180 episcopis
1126 1099 1248 1164 XXIII

284 1197 470 1261 celebratam
490 1199 538 1261 VI
550 1220 647 1262 nonos
667 1200 819 1278 Martias,
836 1222 916 1265 anno
941 1202 1059 1267 carati
1081 1205 1155 1268 744.
1179 1207 1241 1268 Zo-

286 1301 402 1362 cbariae
416 1300 512 1383 Popae
525 1302 588 1380 III,
607 1303 776 1366 crimme·
790 1306 874 1386 repis
888 1305 932 1368 ΙΙ.

545 1550 660 1592 'fluum
678 1550 934 1594 CAPITULORUM.

284 1647 314 1710 Ι.
337 1648 390 1711 Dr
406 1649 469 1713 fide
483 1649 629 1729 Nicaena,
646 1658 679 1714 et
694 1651 873 1715 canonibus
889 1651 1040 1735 antiquis,
1056 1658 1126 1716 toto
1140 1673 1241 1734 regno

240 1750 496 1834 promulgandis,

285 1853 333 1916 ΙΙ.
356 1854 407 1918 De
436 1853 558 1938 synodo
582 1855 716 1940 singulis
748 1857 841 1920 annis
865 1858 1108 1940 congreganda:
1139 1864 1172 1922 et
1201 1857 1242 1921 de

238 1954 417 2021 Adalberto
431 1957 582 2022 haeretico
596 1958 633 2022 in
648 1960 770 2043 synodo
785 1959 951 2024 damnato.

286 2060 354 2124 ΙΙΙ.
377 2061 429 2124 De
453 2061 607 2145 episcopis
630 2085 687 2146 per
712 2063 857 2127 civitates
881 2063 1036 2126 ordinatis
1058 2062 1117 2127 sub
1141 2063 1242 2127 archi·

239 2162 396 2247 episcopis
424 2165 527 2229 Abele
554 2175 588 2228 ct
615 2166 806 2230 Ardoberto.
863 2167 914 2230 De
941 2166 1117 2245 monachis,
1140 2172 1173 2230 et
1201 2175 1240 2231 ut

240 2266 375 2332 abbates
388 2269 424 2331 in
437 2269 565 2333 hostem
578 2260 640 2352 ipsi
654 2291 722 2333 non
736 2277 822 2347 eant,
839 2269 896 2332 scd
910 2269 1043 2333 mittant
1057 2295 1063 2332 :
1087 2277 1121 2333 et
1135 2270 1242 2334 clerici

240 2392 262 2434 a
275 2371 495 2450 fornicatione,
510 2371 625 2436 habitu
639 2372 729 2451 laico,
745 2380 779 2437 et
793 2373 963 2437 venatione
978 2372 1171 2437 abstineant.

283 2475 345 2538 IV.
369 2475 417 2538 Ut
442 2475 516 2539 laici
543 2461 789 2540 fornicationem
818 2496 958 2554 omnem,
985 2476 1134 2560 perjuria,
1161 2477 1243 2541 falsa

238 2577 427 2643 testimonia
441 2578 594 2658 devitent,
610 2579 840 2663 ecclesiamque
860 2585 1026 2644 tutentur:
1050 2587 1083 2643 et
1103 2587 1141 2644 ut
1154 2601 1242 2664 pres-

239 2679 348 2764 byteri
361 2681 586 2764 parochiarum
601 2682 749 2770 episcopo
764 2703 823 2746 suo
838 2682 903 2746 sint
919 2682 1064 2766 subjecti.

284 2782 326 2846 V.
351 2782 400 2847 Ut
417 2784 523 2867 ignoti
542 2786 682 2869 episcopi
702 2787 753 2849 vel
772 2785 952 2870 presbyteri
970 2786 1011 2849 ad
1030 2785 1242 2857 ministerium

239 2886 312 2949 sine
326 2886 516 2970 probatione
531 2911 598 2953 non
613 2889 838 2953 admittantur.

286 2988 348 3052 VI.
373 2989 421 3053 Ut
436 2991 576 3076 episcopi
590 2993 789 3076 provideant,
805 3014 848 3057 ne
862 2992 998 3076 populus
1013 2992 1244 3075 Paganismum

240 3092 349 3170 faciat,
365 3099 398 3157 et
413 3101 451 3158 ut
465 3095 619 3179 legitimae
632 3118 690 3181 per
704 3096 848 3162 civitates
863 3116 1022 3159 mensurae
1037 3096 1112 3158 sint.

285 3195 368 3258 VII.
391 3196 440 3260 Ut
455 3198 624 3264 Adalberti
638 3200 805 3265 cruciculae
820 3199 889 3283 igni
903 3197 1083 3263 tradantur.

285 3297 386 3363 VIII.
403 3300 451 3365 Ut
462 3302 568 3366 clerici
579 3309 746 3368 extraneas
757 3302 907 3367 mulieres
917 3299 1080 3366 dominon
1091 3299 1241 3365 habeant.

286 3401 347 3466 IX.
372 3402 420 3466 Ut
446 3412 603 3470 sacratam
627 3406 803 3485 foeminam,
827 3406 878 3470 vel
898 3404 1122 3489 propinquam,
1145 3424 1241 3467 nemo

239 3525 374 3567 uxorem
404 3506 518 3571 ducat:
557 3529 662 3593 neque
691 3532 772 3573 uxor
801 3509 869 3573 viro
902 3507 1074 3592 superstite
1104 3507 1242 3571 alterum

242 3606 390 3691 accipiat.

285 3711 326 3774 X.
352 3711 402 3775 De
416 3713 704 3797 transgressoribus
720 3715 836 3779 horum
852 3736 1022 3779 canonum.
