3259 5467
702 671 739 713 nu
757 672 946 715 nrrsroms.
1263 654 1326 715 215

320 812 366 875 esi
380 819 419 876 nt
435 812 594 892 Francesi,
610 813 823 897 Portugalesi,
839 815 983 897 Anglesi.
1028 816 1075 878 At
1089 814 1249 878 Wedrecii
1270 837 1325 878 seu

320 917 418 979 utin
446 917 589 980 Othlono
615 918 637 980 l.
664 918 693 981 I.
721 939 749 981 c.
775 920 829 982 37.
858 918 1044 981 scribuntur
1068 918 1219 981 Wedrevi
1247 927 1325 983 sunt

320 1020 499 1098 Wederavi,
516 1042 653 1103 quorum
668 1020 859 1084 Wederavia
878 1027 916 1083 ut
931 1020 1137 1104 Maguntinis
1152 1021 1263 1100 vicina,
1278 1022 1326 1085 ita

320 1129 354 1185 et
369 1123 537 1187 notissima
557 1144 576 1186 a
595 1123 691 1186 fluvio
712 1123 833 1186 scilicet
852 1123 1000 1201 Wedera,
1016 1145 1136 1187 nomen
1156 1124 1323 1208 accipiens.

321 1226 404 1291 Quae
419 1227 610 1290 catholicam
625 1227 660 1289 in
676 1248 714 1290 ea
727 1227 825 1289 fidem
836 1226 1000 1290 retineant
1014 1228 1218 1306 monasteria,
1229 1229 1324 1293 hodie

320 1328 426 1393 adhuc
441 1330 548 1413 aliqua
562 1336 649 1406 sunt,
661 1329 717 1392 sed
731 1328 873 1394 virorum
888 1328 953 1392 duo
966 1330 1149 1413 potissima:
1172 1331 1325 1416 Elfestat-

319 1438 411 1496 tense
435 1432 561 1516 dequo
587 1432 622 1495 in
646 1431 813 1495 Godefridi
836 1432 971 1496 Comitis
993 1433 1060 1496 vita
1084 1441 1117 1497 et
1139 1433 1323 1498 Arnesbur-

320 1556 429 1617 gense,
459 1557 517 1618 per
546 1535 633 1618 quod
662 1535 733 1598 fluit
763 1535 950 1598 nominatus
978 1537 1074 1619 paulo
1104 1543 1180 1601 ante
1208 1537 1322 1601 fluvius

318 1638 468 1701 Wedera.
514 1638 640 1720 Lognai
660 1647 736 1701 sunt
756 1639 792 1702 in
813 1639 925 1701 eadem
939 1638 1138 1718 Wederavia,
1153 1640 1251 1719 fluvii,
1268 1641 1323 1724 qui

318 1741 392 1803 Lan
410 1761 467 1803 seu
486 1741 621 1823 Logana
642 1741 768 1818 dicitur,
789 1741 918 1820 adcolae,
939 1749 977 1805 ut
997 1741 1180 1805 Lichenses.
1224 1743 1323 1826 Apud

317 1844 482 1906 Zosimnm
496 1844 650 1925 Lopiooos
669 1846 826 1907 notionem
843 1846 1057 1907 Germanicam
1075 1845 1187 1908 devicit
1200 1846 1323 1909 Probra

316 1948 495 2027 imperator.
517 1946 659 2010 Sudvodi
668 1948 836 2011 Australes
846 1954 932 2025 sunt,
939 1948 1030 2030 quasi
1040 1947 1322 2026 Sudwohni,id'est

316 2051 485 2113 Australes
493 2049 701 2114 habitatores.
721 2050 1003 2116 Quemadmodum
1014 2051 1099 2134 apud
1108 2051 1253 2114 Tacitum
1264 2051 1318 2116 lib.

317 2152 358 2215 de
375 2153 483 2215 Germ.
494 2153 676 2235 Ingevones
688 2162 847 2236 putantur
862 2153 1090 2218 mediterranei
1101 2175 1138 2217 ac
1152 2154 1320 2219 interiores

317 2255 483 2334 Germani,
498 2263 536 2319 ut
556 2257 642 2339 apud
663 2256 786 2320 Bedam
806 2257 828 2321 l.
850 2260 870 2320 3
893 2256 969 2321 hist.
989 2278 1016 2321 c.
1038 2257 1318 2342 21.Midde1engi.

316 2359 361 2422 Et
377 2359 438 2421 nisi
453 2365 560 2422 essent
575 2381 647 2442 quae
667 2360 743 2437 dixi,
758 2360 945 2423 viderentur
958 2361 1011 2424 hic
1027 2361 1200 2444 significari
1218 2383 1318 2444 popu-

315 2464 422 2526 lorum
433 2464 536 2546 plagae
548 2472 698 2547 quatuor:
720 2465 871 2542 Nistresi,
884 2466 1108 2530 occidentales:
1126 2467 1318 2545 Westdrevi‚

316 2566 517 2630 Orientales:
541 2568 675 2645 Nordai,
700 2569 991 2652 Septentrionales:
1017 2569 1169 2648 Sudvodi,
1184 2573 1318 2634 Austra-

314 2669 372 2732 les.
406 2670 455 2732 Ex
469 2669 520 2733 his
536 2671 722 2734 nominibus
737 2672 867 2736 conflati
882 2672 1088 2736 Nordmanni
1102 2674 1318 2737 Northumbri

315 2780 348 2835 et
363 2773 465 2836 Venti
478 2773 573 2837 hodie
589 2775 675 2858 apud
690 2775 807 2857 Belgas
823 2782 856 2839 et
874 2776 1026 2853 Saxones,
1039 2776 1115 2840 olim
1130 2798 1204 2841 vero
1220 2777 1317 2841 etiam

316 2876 401 2958 apud
417 2877 566 2956 Francos,
582 2885 678 2961 prout
698 2878 809 2942 scribit
828 2879 864 2941 in
885 2879 991 2942 Caroli
1006 2879 1123 2962 Magni
1136 2880 1202 2944 vita
1216 2881 1316 2963 Egin-

315 2978 445 3042 hardus.
492 2981 646 3044 Graffeldi
667 2981 799 3045 demum
817 2982 853 3044 in
874 2981 1017 3045 Othlono
1038 2982 1205 3046 Grabfeldi
1219 2991 1252 3047 et
1266 2983 1315 3045 in-

313 3081 444 3144 terdum
460 3083 625 3167 Grapfeldi
640 3085 723 3148 sieut
743 3093 776 3149 et
796 3086 832 3148 in
853 3084 1031 3148 Pitboeanis
1046 3085 1244 3149 Francorum
1259 3106 1315 3149 an-

313 3184 442 3248 nalibus
464 3208 550 3250 anno
572 3190 646 3251 850.
671 3188 756 3272 apud
778 3188 956 3251 Baronium
978 3187 1013 3250 Τ.
1035 3190 1066 3250 9.
1111 3187 1153 3250 In
1176 3186 1315 3251 editione

314 3287 576 3353 Franeofurtensi
595 3311 670 3355 vero
691 3291 891 3354 Grabfelden
914 3298 946 3353 et
968 3289 1117 3353 videntur
1135 3288 1243 3368 fuisse,
1260 3290 1315 3372 qui

313 3411 406 3470 agros
429 3413 537 3471 novos,
562 3394 683 3471 excisis,
709 3416 781 3477 quae
804 3393 851 3457 ibi
874 3392 1014 3479 stabant,
1040 3393 1133 3476 sylvis
1156 3391 1313 3468 foderent,

314 3491 433 3571 hortos,
454 3502 555 3577 prata,
571 3497 761 3580 novaliaque
781 3497 935 3561 facerent.
979 3496 1023 3559 Et
1042 3496 1078 3559 in
1098 3496 1219 3560 ditione
1239 3497 1314 3560 Ful-

315 3594 406 3658 densi
428 3618 464 3660 ae
486 3598 649 3677 Eisfeldia,
671 3601 749 3685 quia
770 3602 900 3664 rodereo
922 3605 955 3663 et
977 3600 1109 3664 raderer
1130 3608 1179 3664 est
1201 3601 1315 3685 stirpes

313 3699 496 3764 exscindere
511 3723 548 3764 ac
562 3702 716 3766 radicitus
731 3703 875 3778 evellere,
886 3704 966 3766 oillae
977 3703 1084 3786 plures
1094 3702 1314 3783 inveniuntur,

314 3801 419 3883 quiin
433 3806 495 3866 rod
506 3812 539 3867 et
554 3806 617 3867 rad
629 3805 788 3869 desinant.
823 3807 883 3869 Est
898 3813 931 3870 et
946 3806 981 3868 in
996 3807 1175 3870 Franconia
1190 3807 1315 3890 Kdnig·

313 3905 427 3968 shofen
441 3906 487 3968 im
503 3907 682 3971 Grabfeldt.
728 3907 817 3972 Illud
836 3911 886 3972 cel
904 3909 1042 3972 omnibus
1061 3930 1118 3991 pro
1132 3915 1163 3971 et
1177 3909 1315 3971 omnibus

313 4006 436 4071 dictum
451 4030 500 4092 ep.
516 4011 674 4075 LXXV?
690 4012 743 4073 W.
757 4043 783 4070 =
794 4035 825 4095 p.
842 4012 932 4091 94,1.
949 4014 991 4074 33
1008 4015 1028 4046 “
1039 4010 1242 4094 Phylacteria
1259 4031 1313 4094 ap-

311 4111 476 4194 pellabant
501 4120 623 4178 veteres
649 4115 804 4178 Amuleta
833 4115 874 4179 ad
898 4113 1051 4178 arcendos
1074 4114 1125 4176 vel
1149 4112 1314 4196 pellendos

312 4215 450 4293 morbos,
475 4216 544 4280 haec
567 4224 605 4280 ut
629 4216 801 4281 diabolicas
825 4217 1068 4282 adinventiones
1092 4235 1218 4298 semper
1240 4235 1312 4298 pro·

312 4318 437 4402 scripsit
467 4319 608 4383 ecclesia.
669 4321 702 4383 S.
721 4321 897 4404 Augustin.
925 4341 1018 4384 serm.
1046 4320 1120 4382 215.
1148 4318 1188 4382 de
1212 4324 1312 4401 temp.

311 4424 376 4486 Per
382 4421 489 4503 fontes
503 4429 533 4486 et
548 4424 682 4502 arbores,
698 4430 728 4487 et
743 4424 897 4488 diabolica
907 4422 1104 4506 phylacteria
1114 4441 1174 4505 per
1185 4422 1313 4484 charac-

312 4532 439 4589 tereret
459 4528 616 4607 amspioes
633 4533 664 4591 et
683 4528 802 4591 divinos
820 4576 826 4591 .
846 4577 852 4591 .
869 4528 929 4590 sibi
950 4527 1033 4589 orale
1056 4525 1160 4588 miseri
1179 4526 1314 4589 domimo
