<?xml version="1.0" encoding="UTF-8"?>
<!DOCTYPE html PUBLIC "-//W3C//DTD XHTML 1.0 Transitional//EN"
    "http://www.w3.org/TR/xhtml1/DTD/xhtml1-transitional.dtd">
<html xmlns="http://www.w3.org/1999/xhtml" xml:lang="en" lang="en">
 <head>
  <title>
</title>
<meta http-equiv="Content-Type" content="text/html;charset=utf-8" />
  <meta name='ocr-system' content='tesseract 3.04.00' />
  <meta name='ocr-capabilities' content='ocr_page ocr_carea ocr_par ocr_line ocrx_word'/>
</head>
<body>
  <div class='ocr_page' id='page_1' title='image "./operaquaeextant00bonigoog_0119.png"; bbox 0 0 3259 5467; ppageno 0'>
   <div class='ocr_carea' id='block_1_1' title="bbox 311 676 1176 739">
    <p class='ocr_par' dir='ltr' id='par_1_1' title="bbox 311 676 1176 739">
     <span class='ocr_line' id='line_1_1' title="bbox 311 676 1176 739; baseline -0.003 -2"><span class='ocrx_word' id='word_1_1' title='bbox 311 676 374 738; x_wconf 79' lang='lat'>112</span> <span class='ocrx_word' id='word_1_2' title='bbox 463 695 640 739; x_wconf 74' lang='lat' dir='ltr'>nourrucrr</span> <span class='ocrx_word' id='word_1_3' title='bbox 658 694 922 738; x_wconf 71' lang='lat' dir='ltr'>nucarurrscorr</span> <span class='ocrx_word' id='word_1_4' title='bbox 941 694 980 736; x_wconf 83' lang='lat' dir='ltr'>ur</span> <span class='ocrx_word' id='word_1_5' title='bbox 997 693 1176 738; x_wconf 79' lang='lat' dir='ltr'>uuurrars</span> 
     </span>
    </p>
   </div>
   <div class='ocr_carea' id='block_1_2' title="bbox 674 1179 955 1224">
    <p class='ocr_par' dir='ltr' id='par_1_2' title="bbox 674 1179 955 1224">
     <span class='ocr_line' id='line_1_2' title="bbox 674 1179 955 1224; baseline -0.004 -1"><span class='ocrx_word' id='word_1_6' title='bbox 674 1179 829 1224; x_wconf 69' lang='lat' dir='ltr'>susurru</span> <span class='ocrx_word' id='word_1_7' title='bbox 847 1180 955 1222; x_wconf 76' lang='lat' dir='ltr'>mm.</span> 
     </span>
    </p>
   </div>
   <div class='ocr_carea' id='block_1_3' title="bbox 330 1445 1227 2766">
    <p class='ocr_par' dir='ltr' id='par_1_3' title="bbox 330 1445 1227 2766">
     <span class='ocr_line' id='line_1_3' title="bbox 358 1445 1145 1530; baseline -0.001 -18"><span class='ocrx_word' id='word_1_8' title='bbox 358 1450 487 1513; x_wconf 75' lang='lat' dir='ltr'>Icarus</span> <span class='ocrx_word' id='word_1_9' title='bbox 503 1467 545 1512; x_wconf 91' lang='lat' dir='ltr'>eu</span> <span class='ocrx_word' id='word_1_10' title='bbox 559 1446 687 1530; x_wconf 84' lang='lat' dir='ltr'>genitor</span> <span class='ocrx_word' id='word_1_11' title='bbox 700 1447 803 1511; x_wconf 84' lang='lat' dir='ltr'>fertur</span> <span class='ocrx_word' id='word_1_12' title='bbox 817 1446 899 1509; x_wconf 88' lang='lat' dir='ltr'>mihi</span> <span class='ocrx_word' id='word_1_13' title='bbox 914 1445 1042 1528; x_wconf 81' lang='lat' dir='ltr'><strong>Jupiter</strong></span> <span class='ocrx_word' id='word_1_14' title='bbox 1056 1467 1126 1511; x_wconf 81' lang='lat' dir='ltr'>esse</span> <span class='ocrx_word' id='word_1_15' title='bbox 1134 1473 1145 1525; x_wconf 87' lang='lat'>;</span> 
     </span>
     <span class='ocr_line' id='line_1_4' title="bbox 357 1549 1117 1632; baseline -0.001 -19"><span class='ocrx_word' id='word_1_16' title='bbox 357 1551 498 1615; x_wconf 85' lang='lat' dir='ltr'>Vocibus</span> <span class='ocrx_word' id='word_1_17' title='bbox 513 1558 547 1614; x_wconf 89' lang='lat' dir='ltr'>et</span> <span class='ocrx_word' id='word_1_18' title='bbox 561 1551 652 1632; x_wconf 88' lang='lat' dir='ltr'>virgo</span> <span class='ocrx_word' id='word_1_19' title='bbox 667 1549 857 1613; x_wconf 89' lang='lat' dir='ltr'>stolidorum</span> <span class='ocrx_word' id='word_1_20' title='bbox 872 1549 993 1613; x_wconf 87' lang='lat' dir='ltr'>famine</span> <span class='ocrx_word' id='word_1_21' title='bbox 1009 1549 1098 1612; x_wconf 90' lang='lat' dir='ltr'>dicor</span> <span class='ocrx_word' id='word_1_22' title='bbox 1106 1575 1117 1627; x_wconf 77' lang='lat'>3</span> 
     </span>
     <span class='ocr_line' id='line_1_5' title="bbox 359 1651 1194 1734; baseline -0.001 -17"><span class='ocrx_word' id='word_1_23' title='bbox 359 1655 423 1717; x_wconf 88' lang='lat' dir='ltr'>Sed</span> <span class='ocrx_word' id='word_1_24' title='bbox 439 1654 541 1717; x_wconf 89' lang='lat' dir='ltr'>scelus</span> <span class='ocrx_word' id='word_1_25' title='bbox 557 1653 598 1716; x_wconf 91' lang='lat' dir='ltr'>cb</span> <span class='ocrx_word' id='word_1_26' title='bbox 614 1653 739 1716; x_wconf 86' lang='lat' dir='ltr'>varium</span> <span class='ocrx_word' id='word_1_27' title='bbox 753 1660 855 1716; x_wconf 86' lang='lat' dir='ltr'>terras</span> <span class='ocrx_word' id='word_1_28' title='bbox 871 1651 1001 1734; x_wconf 82' lang='lat' dir='ltr'>liquisse</span> <span class='ocrx_word' id='word_1_29' title='bbox 1015 1652 1173 1716; x_wconf 81' lang='lat' dir='ltr'>nefandas</span> <span class='ocrx_word' id='word_1_30' title='bbox 1188 1679 1194 1716; x_wconf 95' lang='lat'><strong>:</strong></span> 
     </span>
     <span class='ocr_line' id='line_1_6' title="bbox 356 1755 1147 1839; baseline 0 -19"><span class='ocrx_word' id='word_1_31' title='bbox 356 1757 539 1839; x_wconf 77' lang='lat' dir='ltr'>Terrigenis</span> <span class='ocrx_word' id='word_1_32' title='bbox 553 1777 626 1819; x_wconf 88' lang='lat' dir='ltr'>raro</span> <span class='ocrx_word' id='word_1_33' title='bbox 641 1755 737 1819; x_wconf 87' lang='lat' dir='ltr'>facies</span> <span class='ocrx_word' id='word_1_34' title='bbox 752 1776 826 1818; x_wconf 91' lang='lat' dir='ltr'>mea</span> <span class='ocrx_word' id='word_1_35' title='bbox 841 1755 984 1819; x_wconf 90' lang='lat' dir='ltr'>cernitur</span> <span class='ocrx_word' id='word_1_36' title='bbox 998 1777 1147 1838; x_wconf 81' lang='lat' dir='ltr'><strong>usquam.</strong></span> 
     </span>
     <span class='ocr_line' id='line_1_7' title="bbox 358 1858 1046 1942; baseline -0.004 -18"><span class='ocrx_word' id='word_1_37' title='bbox 358 1861 475 1924; x_wconf 83' lang='lat' dir='ltr'>Inclita</span> <span class='ocrx_word' id='word_1_38' title='bbox 490 1860 644 1924; x_wconf 91' lang='lat' dir='ltr'>coelorum</span> <span class='ocrx_word' id='word_1_39' title='bbox 659 1858 776 1923; x_wconf 87' lang='lat' dir='ltr'>fuerim</span> <span class='ocrx_word' id='word_1_40' title='bbox 792 1880 866 1922; x_wconf 90' lang='lat' dir='ltr'>cum</span> <span class='ocrx_word' id='word_1_41' title='bbox 881 1858 948 1922; x_wconf 90' lang='lat' dir='ltr'>filia</span> <span class='ocrx_word' id='word_1_42' title='bbox 961 1859 1046 1942; x_wconf 88' lang='lat' dir='ltr'>regis</span> 
     </span>
     <span class='ocr_line' id='line_1_8' title="bbox 356 1960 1227 2044; baseline 0 -18"><span class='ocrx_word' id='word_1_43' title='bbox 356 1963 486 2027; x_wconf 78' lang='lat' dir='ltr'>Talibus</span> <span class='ocrx_word' id='word_1_44' title='bbox 501 1970 539 2025; x_wconf 87' lang='lat' dir='ltr'>ut</span> <span class='ocrx_word' id='word_1_45' title='bbox 555 1961 682 2044; x_wconf 86' lang='lat' dir='ltr'>genitor</span> <span class='ocrx_word' id='word_1_46' title='bbox 696 1961 867 2026; x_wconf 90' lang='lat' dir='ltr'>moderans</span> <span class='ocrx_word' id='word_1_47' title='bbox 883 1983 957 2026; x_wconf 91' lang='lat' dir='ltr'>cum</span> <span class='ocrx_word' id='word_1_48' title='bbox 973 1962 1098 2044; x_wconf 88' lang='lat' dir='ltr'>legibus</span> <span class='ocrx_word' id='word_1_49' title='bbox 1114 1960 1227 2026; x_wconf 90' lang='lat' dir='ltr'>orbem</span> 
     </span>
     <span class='ocr_line' id='line_1_9' title="bbox 330 2065 1128 2149; baseline -0.001 -20"><span class='ocrx_word' id='word_1_50' title='bbox 330 2068 398 2129; x_wconf 79' lang='lat' dir='ltr'>”In</span> <span class='ocrx_word' id='word_1_51' title='bbox 415 2067 536 2149; x_wconf 90' lang='lat' dir='ltr'>gremio</span> <span class='ocrx_word' id='word_1_52' title='bbox 552 2065 698 2148; x_wconf 87' lang='lat' dir='ltr'>gaudens</span> <span class='ocrx_word' id='word_1_53' title='bbox 713 2074 746 2128; x_wconf 89' lang='lat' dir='ltr'>et</span> <span class='ocrx_word' id='word_1_54' title='bbox 762 2066 889 2147; x_wconf 84' lang='lat' dir='ltr'>fingens</span> <span class='ocrx_word' id='word_1_55' title='bbox 905 2065 1013 2129; x_wconf 88' lang='lat' dir='ltr'>oscula</span> <span class='ocrx_word' id='word_1_56' title='bbox 1026 2065 1128 2148; x_wconf 86' lang='lat' dir='ltr'>patris</span> 
     </span>
     <span class='ocr_line' id='line_1_10' title="bbox 358 2168 1200 2251; baseline -0.001 -19"><span class='ocrx_word' id='word_1_57' title='bbox 358 2171 468 2232; x_wconf 86' lang='lat' dir='ltr'>Aurea</span> <span class='ocrx_word' id='word_1_58' title='bbox 482 2190 561 2251; x_wconf 88' lang='lat' dir='ltr'>gens</span> <span class='ocrx_word' id='word_1_59' title='bbox 575 2168 745 2231; x_wconf 91' lang='lat' dir='ltr'>hominum</span> <span class='ocrx_word' id='word_1_60' title='bbox 761 2189 887 2250; x_wconf 83' lang='lat' dir='ltr'><strong>semper</strong></span> <span class='ocrx_word' id='word_1_61' title='bbox 902 2168 1056 2250; x_wconf 85' lang='lat' dir='ltr'>gauderet</span> <span class='ocrx_word' id='word_1_62' title='bbox 1071 2168 1107 2230; x_wconf 92' lang='lat' dir='ltr'>in</span> <span class='ocrx_word' id='word_1_63' title='bbox 1121 2189 1200 2247; x_wconf 85' lang='lat' dir='ltr'>aevo,</span> 
     </span>
     <span class='ocr_line' id='line_1_11' title="bbox 357 2270 1124 2353; baseline -0.003 -18"><span class='ocrx_word' id='word_1_64' title='bbox 357 2274 476 2335; x_wconf 88' lang='lat' dir='ltr'>Datam</span> <span class='ocrx_word' id='word_1_65' title='bbox 492 2272 519 2335; x_wconf 90' lang='lat' dir='ltr'>si</span> <span class='ocrx_word' id='word_1_66' title='bbox 534 2293 681 2334; x_wconf 90' lang='lat' dir='ltr'>normam</span> <span class='ocrx_word' id='word_1_67' title='bbox 697 2278 860 2334; x_wconf 87' lang='lat' dir='ltr'>servarent</span> <span class='ocrx_word' id='word_1_68' title='bbox 875 2270 1007 2353; x_wconf 86' lang='lat' dir='ltr'>virginis</span> <span class='ocrx_word' id='word_1_69' title='bbox 1023 2271 1124 2333; x_wconf 87' lang='lat' dir='ltr'>almae.</span> 
     </span>
     <span class='ocr_line' id='line_1_12' title="bbox 357 2373 1137 2458; baseline -0.003 -21"><span class='ocrx_word' id='word_1_70' title='bbox 357 2374 510 2439; x_wconf 81' lang='lat' dir='ltr'>Incubuit</span> <span class='ocrx_word' id='word_1_71' title='bbox 525 2375 650 2457; x_wconf 90' lang='lat' dir='ltr'>populis</span> <span class='ocrx_word' id='word_1_72' title='bbox 666 2380 773 2458; x_wconf 90' lang='lat' dir='ltr'>spreta</span> <span class='ocrx_word' id='word_1_73' title='bbox 787 2395 841 2436; x_wconf 90' lang='lat' dir='ltr'>me</span> <span class='ocrx_word' id='word_1_74' title='bbox 856 2374 953 2437; x_wconf 90' lang='lat' dir='ltr'>turba</span> <span class='ocrx_word' id='word_1_75' title='bbox 968 2373 1137 2451; x_wconf 90' lang='lat' dir='ltr'>malorum,</span> 
     </span>
     <span class='ocr_line' id='line_1_13' title="bbox 358 2476 1154 2560; baseline 0 -21"><span class='ocrx_word' id='word_1_76' title='bbox 358 2477 480 2539; x_wconf 84' lang='lat' dir='ltr'>Christi</span> <span class='ocrx_word' id='word_1_77' title='bbox 495 2477 572 2540; x_wconf 93' lang='lat' dir='ltr'>dum</span> <span class='ocrx_word' id='word_1_78' title='bbox 584 2477 707 2560; x_wconf 87' lang='lat' dir='ltr'>jugiter</span> <span class='ocrx_word' id='word_1_79' title='bbox 722 2477 883 2540; x_wconf 80' lang='lat' dir='ltr'>calcarent</span> <span class='ocrx_word' id='word_1_80' title='bbox 894 2478 984 2560; x_wconf 87' lang='lat' dir='ltr'>jussa</span> <span class='ocrx_word' id='word_1_81' title='bbox 998 2476 1154 2540; x_wconf 85' lang='lat' dir='ltr'>tonantis.</span> 
     </span>
     <span class='ocr_line' id='line_1_14' title="bbox 357 2580 1079 2662; baseline 0 -20"><span class='ocrx_word' id='word_1_82' title='bbox 357 2580 482 2642; x_wconf 87' lang='lat' dir='ltr'>Idcirco</span> <span class='ocrx_word' id='word_1_83' title='bbox 497 2588 668 2662; x_wconf 88' lang='lat' dir='ltr'>penetrant</span> <span class='ocrx_word' id='word_1_84' title='bbox 685 2580 772 2643; x_wconf 85' lang='lat' dir='ltr'>erebi</span> <span class='ocrx_word' id='word_1_85' title='bbox 788 2580 849 2642; x_wconf 91' lang='lat' dir='ltr'>sub</span> <span class='ocrx_word' id='word_1_86' title='bbox 863 2580 970 2643; x_wconf 90' lang='lat' dir='ltr'>tristia</span> <span class='ocrx_word' id='word_1_87' title='bbox 985 2580 1079 2661; x_wconf 89' lang='lat' dir='ltr'>nigra</span> 
     </span>
     <span class='ocr_line' id='line_1_15' title="bbox 359 2682 1081 2766; baseline 0.001 -21"><span class='ocrx_word' id='word_1_88' title='bbox 359 2684 491 2745; x_wconf 83' lang='lat' dir='ltr'>&#39;Partara</span> <span class='ocrx_word' id='word_1_89' title='bbox 506 2683 653 2746; x_wconf 89' lang='lat' dir='ltr'>Plutonis</span> <span class='ocrx_word' id='word_1_90' title='bbox 669 2683 860 2766; x_wconf 85' lang='lat' dir='ltr'>plangentes</span> <span class='ocrx_word' id='word_1_91' title='bbox 875 2684 972 2766; x_wconf 89' lang='lat' dir='ltr'>ignea</span> <span class='ocrx_word' id='word_1_92' title='bbox 986 2682 1081 2766; x_wconf 88' lang='lat' dir='ltr'>regis.</span> 
     </span>
    </p>
   </div>
   <div class='ocr_carea' id='block_1_4' title="bbox 698 3371 929 3414">
    <p class='ocr_par' dir='ltr' id='par_1_4' title="bbox 698 3371 929 3414">
     <span class='ocr_line' id='line_1_16' title="bbox 698 3371 929 3414; baseline 0.009 -2"><span class='ocrx_word' id='word_1_93' title='bbox 698 3372 844 3414; x_wconf 81' lang='lat' dir='ltr'><strong>VERI&#39;I&#39;AS</strong></span> <span class='ocrx_word' id='word_1_94' title='bbox 861 3371 929 3414; x_wconf 64' lang='lat' dir='ltr'>Ant</span> 
     </span>
    </p>
   </div>
   <div class='ocr_carea' id='block_1_5' title="bbox 355 3636 1220 4333">
    <p class='ocr_par' dir='ltr' id='par_1_5' title="bbox 355 3636 1220 4333">
     <span class='ocr_line' id='line_1_17' title="bbox 357 3636 1173 3720; baseline 0.005 -24"><span class='ocrx_word' id='word_1_95' title='bbox 357 3636 517 3697; x_wconf 81' lang='lat' dir='ltr'>Vrucunu</span> <span class='ocrx_word' id='word_1_96' title='bbox 534 3656 586 3697; x_wconf 89' lang='lat' dir='ltr'>me</span> <span class='ocrx_word' id='word_1_97' title='bbox 601 3637 683 3699; x_wconf 90' lang='lat' dir='ltr'>uulli</span> <span class='ocrx_word' id='word_1_98' title='bbox 699 3646 833 3719; x_wconf 88' lang='lat' dir='ltr'>possunt</span> <span class='ocrx_word' id='word_1_99' title='bbox 849 3637 904 3701; x_wconf 83' lang='lat' dir='ltr'>sed</span> <span class='ocrx_word' id='word_1_100' title='bbox 919 3636 1051 3720; x_wconf 86' lang='lat' dir='ltr'>perdere</span> <span class='ocrx_word' id='word_1_101' title='bbox 1066 3637 1173 3700; x_wconf 91' lang='lat' dir='ltr'>multi.</span> 
     </span>
     <span class='ocr_line' id='line_1_18' title="bbox 357 3739 1220 3826; baseline 0.005 -26"><span class='ocrx_word' id='word_1_102' title='bbox 357 3739 416 3801; x_wconf 88' lang='lat' dir='ltr'>Est</span> <span class='ocrx_word' id='word_1_103' title='bbox 432 3746 543 3801; x_wconf 86' lang='lat' dir='ltr'>tamen</span> <span class='ocrx_word' id='word_1_104' title='bbox 559 3745 592 3803; x_wconf 89' lang='lat' dir='ltr'>ct</span> <span class='ocrx_word' id='word_1_105' title='bbox 607 3740 727 3826; x_wconf 78' lang='lat' dir='ltr'>mirum</span> <span class='ocrx_word' id='word_1_106' title='bbox 742 3742 864 3804; x_wconf 88' lang='lat' dir='ltr'>Christi</span> <span class='ocrx_word' id='word_1_107' title='bbox 879 3741 967 3826; x_wconf 89' lang='lat' dir='ltr'>quod</span> <span class='ocrx_word' id='word_1_108' title='bbox 981 3739 1111 3804; x_wconf 85' lang='lat' dir='ltr'>sedibus</span> <span class='ocrx_word' id='word_1_109' title='bbox 1126 3740 1220 3805; x_wconf 86' lang='lat' dir='ltr'>adsto</span> 
     </span>
     <span class='ocr_line' id='line_1_19' title="bbox 356 3842 1169 3928; baseline 0.002 -24"><span class='ocrx_word' id='word_1_110' title='bbox 356 3842 511 3923; x_wconf 84' lang='lat' dir='ltr'>Regnans</span> <span class='ocrx_word' id='word_1_111' title='bbox 529 3848 562 3905; x_wconf 89' lang='lat' dir='ltr'>et</span> <span class='ocrx_word' id='word_1_112' title='bbox 577 3842 719 3924; x_wconf 86' lang='lat' dir='ltr'>gaudens</span> <span class='ocrx_word' id='word_1_113' title='bbox 735 3844 858 3928; x_wconf 88' lang='lat' dir='ltr'>superis</span> <span class='ocrx_word' id='word_1_114' title='bbox 874 3843 950 3908; x_wconf 90' lang='lat' dir='ltr'>cleri</span> <span class='ocrx_word' id='word_1_115' title='bbox 965 3843 1086 3907; x_wconf 89' lang='lat' dir='ltr'>civibus</span> <span class='ocrx_word' id='word_1_116' title='bbox 1101 3864 1169 3906; x_wconf 89' lang='lat' dir='ltr'>una</span> 
     </span>
     <span class='ocr_line' id='line_1_20' title="bbox 357 3945 1146 4030; baseline 0.005 -23"><span class='ocrx_word' id='word_1_117' title='bbox 357 3945 470 4008; x_wconf 90' lang='lat' dir='ltr'>Incola</span> <span class='ocrx_word' id='word_1_118' title='bbox 485 3945 542 4008; x_wconf 91' lang='lat' dir='ltr'>sed</span> <span class='ocrx_word' id='word_1_119' title='bbox 557 3967 703 4029; x_wconf 88' lang='lat' dir='ltr'>quaerens</span> <span class='ocrx_word' id='word_1_120' title='bbox 718 3968 906 4029; x_wconf 87' lang='lat' dir='ltr'>germanam</span> <span class='ocrx_word' id='word_1_121' title='bbox 920 3968 997 4011; x_wconf 87' lang='lat' dir='ltr'>rura</span> <span class='ocrx_word' id='word_1_122' title='bbox 1009 3968 1146 4030; x_wconf 83' lang='lat' dir='ltr'>peragro</span> 
     </span>
     <span class='ocr_line' id='line_1_21' title="bbox 357 4048 1157 4133; baseline 0.001 -22"><span class='ocrx_word' id='word_1_123' title='bbox 357 4048 471 4111; x_wconf 81' lang='lat' dir='ltr'>Terras</span> <span class='ocrx_word' id='word_1_124' title='bbox 487 4070 566 4131; x_wconf 82' lang='lat' dir='ltr'>quas</span> <span class='ocrx_word' id='word_1_125' title='bbox 581 4050 689 4132; x_wconf 88' lang='lat' dir='ltr'>plures</span> <span class='ocrx_word' id='word_1_126' title='bbox 703 4051 814 4114; x_wconf 80' lang='lat' dir='ltr'>fantur</span> <span class='ocrx_word' id='word_1_127' title='bbox 829 4050 934 4133; x_wconf 94' lang='lat' dir='ltr'>linqui</span> <span class='ocrx_word' id='word_1_128' title='bbox 949 4071 1041 4113; x_wconf 86' lang='lat' dir='ltr'>senes</span> <span class='ocrx_word' id='word_1_129' title='bbox 1056 4049 1157 4113; x_wconf 87' lang='lat' dir='ltr'>audas</span> 
     </span>
     <span class='ocr_line' id='line_1_22' title="bbox 355 4151 1137 4237; baseline 0.004 -24"><span class='ocrx_word' id='word_1_130' title='bbox 355 4151 505 4234; x_wconf 81' lang='lat' dir='ltr'>Amplius</span> <span class='ocrx_word' id='word_1_131' title='bbox 519 4152 556 4214; x_wconf 92' lang='lat' dir='ltr'>in</span> <span class='ocrx_word' id='word_1_132' title='bbox 571 4152 704 4236; x_wconf 85' lang='lat' dir='ltr'>sceptris</span> <span class='ocrx_word' id='word_1_133' title='bbox 718 4154 834 4217; x_wconf 91' lang='lat' dir='ltr'>mundi</span> <span class='ocrx_word' id='word_1_134' title='bbox 846 4155 915 4237; x_wconf 85' lang='lat' dir='ltr'>jam</span> <span class='ocrx_word' id='word_1_135' title='bbox 930 4153 1045 4236; x_wconf 86' lang='lat' dir='ltr'>degere</span> <span class='ocrx_word' id='word_1_136' title='bbox 1059 4152 1137 4216; x_wconf 91' lang='lat' dir='ltr'>nolo</span> 
     </span>
     <span class='ocr_line' id='line_1_23' title="bbox 356 4251 1122 4333; baseline 0.007 -18"><span class='ocrx_word' id='word_1_137' title='bbox 356 4251 510 4317; x_wconf 88' lang='lat' dir='ltr'>Sanctam</span> <span class='ocrx_word' id='word_1_138' title='bbox 525 4255 679 4319; x_wconf 90' lang='lat' dir='ltr'>merendo</span> <span class='ocrx_word' id='word_1_139' title='bbox 692 4256 795 4321; x_wconf 83' lang='lat' dir='ltr'>tristis</span> <span class='ocrx_word' id='word_1_140' title='bbox 809 4278 878 4321; x_wconf 94' lang='lat' dir='ltr'>non</span> <span class='ocrx_word' id='word_1_141' title='bbox 892 4262 989 4320; x_wconf 86' lang='lat' dir='ltr'>nacta</span> <span class='ocrx_word' id='word_1_142' title='bbox 1005 4273 1122 4333; x_wconf 87' lang='lat' dir='ltr'>sorore,</span> 
     </span>
    </p>
   </div>
   <div class='ocr_carea' id='block_1_6' title="bbox 352 4357 1306 4649">
    <p class='ocr_par' dir='ltr' id='par_1_6' title="bbox 352 4357 1306 4649">
     <span class='ocr_line' id='line_1_24' title="bbox 355 4357 1151 4442; baseline 0.003 -24"><span class='ocrx_word' id='word_1_143' title='bbox 355 4357 522 4439; x_wconf 85' lang='lat' dir='ltr'>Antiquus</span> <span class='ocrx_word' id='word_1_144' title='bbox 537 4363 626 4421; x_wconf 90' lang='lat' dir='ltr'>vates</span> <span class='ocrx_word' id='word_1_145' title='bbox 641 4359 760 4423; x_wconf 88' lang='lat' dir='ltr'>cecinit</span> <span class='ocrx_word' id='word_1_146' title='bbox 774 4359 862 4442; x_wconf 91' lang='lat' dir='ltr'>quod</span> <span class='ocrx_word' id='word_1_147' title='bbox 876 4359 1019 4423; x_wconf 86' lang='lat' dir='ltr'>carmine</span> <span class='ocrx_word' id='word_1_148' title='bbox 1034 4357 1151 4435; x_wconf 88' lang='lat' dir='ltr'>David,</span> 
     </span>
     <span class='ocr_line' id='line_1_25' title="bbox 353 4458 1140 4545; baseline 0.004 -24"><span class='ocrx_word' id='word_1_149' title='bbox 353 4458 396 4521; x_wconf 92' lang='lat' dir='ltr'>In</span> <span class='ocrx_word' id='word_1_150' title='bbox 411 4460 504 4522; x_wconf 88' lang='lat' dir='ltr'>terris</span> <span class='ocrx_word' id='word_1_151' title='bbox 519 4482 620 4525; x_wconf 90' lang='lat' dir='ltr'>vanos</span> <span class='ocrx_word' id='word_1_152' title='bbox 635 4461 783 4527; x_wconf 90' lang='lat' dir='ltr'>homines</span> <span class='ocrx_word' id='word_1_153' title='bbox 797 4484 850 4526; x_wconf 92' lang='lat' dir='ltr'>me</span> <span class='ocrx_word' id='word_1_154' title='bbox 866 4462 991 4545; x_wconf 88' lang='lat' dir='ltr'>virgine</span> <span class='ocrx_word' id='word_1_155' title='bbox 1007 4461 1140 4544; x_wconf 86' lang='lat' dir='ltr'>dempta</span> 
     </span>
     <span class='ocr_line' id='line_1_26' title="bbox 352 4560 1306 4649; baseline 0 -26"><span class='ocrx_word' id='word_1_156' title='bbox 352 4560 455 4624; x_wconf 80' lang='lat' dir='ltr'>Trans</span> <span class='ocrx_word' id='word_1_157' title='bbox 471 4562 527 4626; x_wconf 90' lang='lat' dir='ltr'>ubi</span> <span class='ocrx_word' id='word_1_158' title='bbox 543 4585 667 4648; x_wconf 90' lang='lat' dir='ltr'>semper</span> <span class='ocrx_word' id='word_1_159' title='bbox 682 4586 769 4629; x_wconf 90' lang='lat' dir='ltr'>eram</span> <span class='ocrx_word' id='word_1_160' title='bbox 785 4565 915 4649; x_wconf 85' lang='lat' dir='ltr'>fugiens</span> <span class='ocrx_word' id='word_1_161' title='bbox 926 4587 1015 4630; x_wconf 90' lang='lat' dir='ltr'>nunc</span> <span class='ocrx_word' id='word_1_162' title='bbox 1026 4564 1130 4631; x_wconf 88' lang='lat' dir='ltr'>sidera</span> <span class='ocrx_word' id='word_1_163' title='bbox 1145 4562 1306 4628; x_wconf 88' lang='lat' dir='ltr'>scandam.</span> 
     </span>
    </p>
   </div>
   <div class='ocr_carea' id='block_1_7' title="bbox 0 0 1634 5467">
    <p class='ocr_par' dir='ltr' id='par_1_7' title="bbox 0 0 1634 5467">
     <span class='ocr_line' id='line_1_27' title="bbox 0 0 1634 5467; baseline 0 1"><span class='ocrx_word' id='word_1_164' title='bbox 0 0 1634 5467; x_wconf 95' lang='lat' dir='ltr'> </span> 
     </span>
    </p>
   </div>
  </div>
 </body>
</html>
