3259 5467
313 709 356 769 34
586 722 765 767 nomnen
782 722 1046 766 Aacmnmcol’l

531 941 581 1035 Dc
597 968 825 1049 sacerdotibus,
841 969 897 1053 qni
911 969 1104 1052 demigrant.

358 1109 400 1171 V.
423 1108 474 1172 Dc
492 1106 719 1186 cacerdotibus,
740 1107 795 1191 qui
815 1128 889 1170 suos
909 1106 1022 1171 titulos
1043 1107 1164 1191 absque
1186 1107 1319 1171 licentia

316 1211 454 1294 episcopi
469 1211 638 1275 dimittunt
658 1216 715 1274 aut
730 1210 931 1289 dimiserunt,
947 1217 1107 1275 statutum
1121 1217 1181 1290 est,
1198 1217 1319 1275 uttam

316 1315 407 1378 diua
424 1315 650 1379 communione
669 1314 852 1379 habeantur
871 1313 979 1393 alieni,
995 1336 1164 1398 quousque
1185 1315 1228 1378 ad
1246 1336 1323 1378 auos·

316 1419 428 1483 titulos
443 1425 653 1482 revertantur.

560 1739 611 1802 De
626 1739 694 1803 loco
708 1738 864 1802 laicorum
878 1739 914 1802 in
930 1738 1071 1803 ccclesia.

362 1876 422 1942 VI.
445 1877 535 1942 Laici
549 1899 640 1942 secus
655 1878 755 1941 altare
769 1876 857 1940 intra
871 1871 1029 1940 caucellos
1044 1883 1113 1940 tam
1128 1874 1171 1940 ad
1185 1876 1320 1960 vigilias,

320 2004 417 2065 quam
432 1982 472 2046 ad
487 1981 599 2045 missas
614 1987 698 2045 stare
713 1981 843 2064 penitus
858 2002 926 2044 non
939 1986 1149 2064 praesumant.

631 2302 681 2364 De
696 2301 793 2365 servis
808 2301 1004 2364 clericorum.

365 2438 445 2504 VII.
468 2439 684 2503 Ecclesiarum
705 2460 820 2517 servos,
841 2439 892 2503 vel
914 2438 1144 2522 cpiscoporum,
1160 2440 1211 2503 vel
1234 2441 1323 2504 cleri-

323 2565 434 2607 corum
458 2565 477 2606 a
498 2541 672 2627 judicibuS,
696 2543 746 2605 vel
770 2542 933 2606 actoribus
961 2541 1098 2625 publicis
1128 2543 1164 2606 in
1194 2542 1324 2608 diversis
1382 2626 1387 2635 .

323 2646 461 2729 augariis
482 2646 613 2730 fatigari
634 2646 741 2709 divina
761 2645 968 2729 prohibemus
991 2645 1183 2710 auctoritate
1203 2646 1231 2709 si
1254 2647 1325 2730 quis

323 2772 397 2814 vero
415 2750 561 2835 judicum
583 2750 634 2814 vel
656 2755 802 2840 actorum
822 2749 984 2828 clericum,
1008 2756 1064 2813 aut
1085 2770 1213 2814 servum
1236 2750 1326 2815 eleri-

324 2855 426 2918 calem
441 2853 579 2918 eccleaiae
598 2853 634 2918 in
650 2851 787 2937 publicis
804 2854 857 2917 vel
875 2853 1007 2937 privatis
1029 2853 1168 2937 negotiis
1190 2854 1327 2918 voluerit

324 2978 488 3041 occupare,
504 2955 544 3021 ab
560 2957 702 3037 ecclesia,-
719 2953 772 3021 cui
785 2955 1054 3040 impedimentum
1068 2957 1155 3037 facit,
1170 2958 1327 3023 efficiatur

326 3068 507 3125 extraneus.

550 3386 600 3449 De
615 3384 814 3448 invasoribus
830 3404 939 3447 rerum
954 3383 1103 3447 ccclesiae.

368 3518 468 3582 VIII.
493 3518 559 3583 Qui
583 3519 736 3582 reiculam
761 3520 902 3583 ecclesiae
931 3519 1059 3603 petierit
1086 3540 1105 3583 a
1131 3519 1271 3603 regibus,
1296 3527 1328 3584 et

325 3620 495 3684 horrendae
522 3620 705 3703 cupiditatis
734 3622 876 3706 impulsu
911 3623 1076 3704 egentium
1113 3621 1329 3688 aubstantiam

325 3723 476 3806 rapuerit,
505 3723 597 3786 irrita
626 3724 817 3803 habeantur,
849 3747 919 3808 quac
949 3724 1109 3805 obtinent,
1137 3733 1170 3790 ct
1196 3728 1259 3811 ipsi
1288 3727 1328 3792 ab

325 3828 467 3907 ccclesia,
483 3850 580 3912 quam
595 3829 729 3912 spoliare
744 3831 889 3912 cupiunt,
905 3829 1126 3894 excludantur.

529 4233 532 4238 ἱ
625 4151 675 4214 Dc
690 4151 803 4234 regula
817 4151 1034 4215 collectarum.

369 4285 430 4349 IX.
453 4286 574 4351 Nullus
593 4287 629 4350 in
646 4287 805 4371 praecibus
824 4287 888 4351 nisi
909 4288 949 4352 ad
968 4288 1100 4352 Patrem
1122 4287 1241 4372 dirigat
1261 4310 1328 4354 ora-

326 4387 458 4469 tionem,
482 4392 661 4466 secundum
684 4391 785 4455 illud:
818 4392 855 4454 Si
878 4392 954 4473 quid
969 4392 1129 4473 petieritis
1145 4398 1274 4473 patrem
1297 4394 1329 4455 iu

324 4493 446 4578 nominc
478 4515 553 4559 meo.
614 4496 657 4559 Et
687 4502 725 4559 ut
754 4495 844 4579 prius
873 4516 927 4559 eaa
957 4516 1032 4560 cum
1060 4495 1327 4561 instructionibus

327 4605 455 4663 tractet.
