3259 5467
312 675 376 737 202
567 689 659 733 norm
675 688 716 731 nr
732 689 849 732 vsnrn
866 689 1057 733 anemonas.

312 839 425 901 eodem
441 837 493 900 die
515 843 548 901 ct
564 835 742 919 Imperium
760 841 793 900 et
808 836 1023 900 Consulatum
1045 857 1158 921 cepere
1178 859 1217 902 eo
1232 861 1315 922 pror-

313 962 367 1003 sus
400 940 508 1018 modo,
539 961 602 1022 quo
632 939 747 1002 veteris
778 939 891 1002 Romae
920 938 1137 1022 Imperatores
1170 928 1315 1004 Tribuni-

313 1043 393 1106 tiam
414 1049 607 1125 potestatem
630 1063 705 1106 cum
728 1042 870 1124 Imperio
898 1041 1036 1106 inibant.
1083 1043 1164 1126 Pagi
1195 1043 1237 1107 ad
1266 1067 1314 1108 an.

312 1146 526 1210 DCCXXIV.
542 1167 576 1208 n.
593 1145 677 1208 IV.’'
693 1144 747 1207 W.

356 1254 377 1282 “
389 1248 570 1312 Pracdioans
591 1269 667 1330 ergo
683 1254 716 1311 et
735 1247 903 1330 baptizans
924 1248 1006 1331 [sn.
1024 1246 1115 1334 725]
1133 1249 1317 1313 Bonifacius

313 1353 348 1414 in
368 1351 608 1435 Thuriugorum
629 1358 661 1414 ct
681 1351 861 1414 Hessorum
882 1350 1077 1433 regionibus,
1092 1373 1232 1416 messem
1249 1375 1316 1437 per-

314 1454 416 1537 spexit
451 1455 580 1537 quidem
614 1455 785 1537 copiosam,
821 1453 877 1517 sed
910 1475 1028 1537 paucos
1064 1455 1237 1538 operarios,
1267 1457 1318 1540 qui

312 1557 468 1640 populum
482 1556 517 1618 in
532 1556 595 1619 fide
609 1555 826 1620 instruerent:
850 1556 886 1618 iu
900 1556 1038 1639 patriam
1052 1557 1141 1620 misit
1157 1565 1190 1621 ct
1206 1559 1318 1622 exinde

313 1659 476 1741 religiosas
496 1658 644 1722 foeminas
663 1658 811 1741 virosque
829 1664 862 1721 et
879 1659 999 1722 virtute
1019 1665 1052 1722 et
1075 1659 1225 1724 doctrina
1245 1683 1316 1725 con-

313 1762 439 1845 spicuos
464 1762 572 1845 plures
597 1761 704 1824 venire
728 1762 814 1839 fecit,
840 1761 953 1844 suique
981 1761 1100 1825 laboris
1130 1763 1214 1826 sacri
1239 1786 1318 1828 onus

314 1864 467 1929 intereos
490 1864 746 1929 divisit—Inter
765 1864 834 1942 hos,
851 1864 994 1929 Othlono
1016 1864 1071 1928 lib.
1087 1865 1107 1928 i.
1124 1886 1153 1928 c.
1170 1869 1224 1930 25.
1240 1868 1317 1930 refe-

314 1975 416 2046 rente,
433 1974 526 2031 erant
545 1967 698 2051 praecipui
718 1967 777 2031 viri
796 1967 1004 2031 Burchardus
1022 1975 1055 2031 et
1072 1967 1199 2046 Lullus,
1215 1969 1317 2032 Willi-

314 2069 382 2135 balt
412 2078 446 2135 et
475 2071 669 2135 Wuunibalt
697 2071 798 2134 frater
828 2071 907 2154 ejus,
934 2069 1036 2135 Witta
1061 2078 1094 2135 ct
1121 2072 1317 2155 Gregorius,

314 2174 454 2238 foeminae
471 2196 545 2238 vcro
560 2175 725 2257 religiosae,
742 2180 918 2237 matertera
939 2174 1059 2238 scilicet
1074 2174 1172 2254 Lulli,
1187 2177 1318 2240 nominc

314 2277 485 2341 Chunihilt
509 2285 543 2342 et
565 2278 633 2340 filia
656 2278 725 2361 ejus
750 2277 931 2359 Barathgit,
952 2277 1131 2342 Chunitrut
1155 2286 1189 2343 et
1212 2279 1316 2356 Taele,

314 2381 417 2445 Lioba
445 2389 478 2444 et
508 2381 709 2464 Waltpurgis
739 2401 828 2444 soror
853 2379 1032 2445 Willibaldi
1061 2388 1095 2444 et
1118 2381 1315 2446 Wunibaldi.

315 2483 380 2547 Sed
402 2484 572 2547 Chunihilt
594 2491 627 2547 et
649 2483 715 2547 filia
734 2483 803 2567 ejus
824 2483 995 2567 Berathgit
1015 2484 1108 2548 valde
1127 2485 1264 2549 eruditae
1283 2486 1316 2547 in

313 2587 438 2650 liberali
458 2586 600 2665 scientia,
616 2588 650 2649 in
672 2587 912 2669 Thuringorum
931 2586 1062 2670 regione
1076 2588 1316 2652 constitueban-

313 2698 368 2753 tur
389 2690 560 2772 magistrae.
607 2690 791 2753 Chunitrud
813 2691 850 2753 in
872 2691 1054 2774 Bajoariam
1076 2690 1239 2756 destinata
1259 2700 1316 2769 est,

313 2800 351 2855 ut
365 2792 454 2856 verbi
466 2792 576 2855 Divini
590 2792 714 2855 semina
727 2791 773 2854 ibi
788 2799 971 2876 spargeret,
995 2792 1123 2857 'leolam
1138 2815 1213 2857 vero
1225 2795 1317 2877 juxta

313 2896 446 2959 fluvium
461 2896 556 2959 Moin
570 2895 606 2958 iu
620 2896 698 2959 locis
709 2896 900 2978 Kihhingen
913 2895 1115 2979 (Kitzingen)
1129 2903 1162 2961 et
1174 2897 1315 2961 Ochrno·

313 3000 395 3063 frutt
416 2998 637 3081 (ochsenfurt)
659 2999 856 3081 nuncupatis
876 2999 1041 3063 collocavit
1050 3024 1060 3076 ;
1083 2999 1221 3064 Idobam
1241 3022 1315 3083 quo-

314 3125 376 3186 que
394 3104 435 3166 ad
456 3101 685 3166 Biscofeshcim
704 3103 759 3184 (od
780 3101 947 3185 Tubarim)
970 3109 1009 3166 ut
1031 3102 1096 3167 illic
1114 3103 1316 3168 multitudini

313 3212 474 3289 virginum
494 3211 696 3289 congregatae
715 3212 875 3287 praecsset,
897 3204 1076 3270 constituit.
1121 3207 1204 3289 Pagi
1223 3206 1264 3270 ad
1284 3207 1315 3269 h.

313 3331 341 3371 a.
362 3332 444 3372 num.
464 3310 525 3373 XI.
542 3309 582 3372 de
601 3308 704 3372 Lioba
725 3316 829 3387 notat,
846 3308 933 3391 quod
956 3315 989 3372 et
1009 3308 1202 3393 Leobgytha
1220 3310 1316 3373 fuerit

312 3420 423 3475 vocata
431 3439 440 3490 ;
463 3413 580 3475 harum
595 3419 705 3475 autem
722 3411 944 3494 religiosarum
966 3412 1172 3476 foeminarum
1187 3413 1224 3476 in
1239 3413 1315 3477 Ger-

312 3519 453 3579 maniam
475 3517 649 3580 advcutum
668 3517 727 3580 sub
744 3517 902 3599 Gregorio
927 3517 975 3581 Π.
991 3538 1060 3581 non
1081 3537 1150 3581 esse
1173 3523 1314 3581 statuen-

314 3619 401 3696 dum,
418 3640 492 3680 cum
513 3639 551 3681 ex
572 3619 639 3682 vita
662 3620 694 3682 S.
712 3619 821 3683 Liobae
842 3642 861 3683 a
877 3620 1049 3703 Rudolpho
1067 3621 1228 3685 monacho
1243 3620 1315 3683 Ful-

314 3722 405 3785 dcnsi
427 3722 544 3805 scripta
562 3730 732 3802 constet,a
752 3724 918 3787 Bonifacio
938 3724 1073 3787 missum
1095 3723 1316 3788 Sturmionem

312 3827 485 3904 Abbatem,
509 3827 564 3910 qui
587 3848 625 3890 ex
648 3827 769 3910 Anglia
793 3828 955 3891 Moniales
977 3834 1011 3891 ct
1032 3827 1177 3891 Ancillas
1199 3827 1262 3891 Dei
1283 3827 1316 3888 in

314 3932 523 3997 Germaniam
552 3939 716 4009 evocaret,
756 3930 900 3995 Sturmio
930 3938 1040 3995 autem
1069 3952 1156 3994 anno
1186 3931 1316 3994 demum

313 4035 525 4100 DCCXLIV.
542 4034 653 4098 Abbas
669 4034 839 4097 Fuldcnsis
854 4034 961 4098 dictus
975 4033 1084 4097 fucrit.
1123 4033 1318 4117 Obloquitur

313 4162 387 4204 vero
413 4139 574 4203 Eccardus
600 4139 621 4201 l.
646 4159 674 4201 c.
700 4161 732 4222 p.
758 4140 833 4201 358.
857 4145 891 4201 et
913 4160 972 4202 sua
992 4142 1161 4221 permanet
1184 4138 1221 4201 in
1246 4158 1316 4201 sen·

312 4242 425 4321 tentia,
440 4243 525 4305 hanc
540 4241 757 4304 evocationem
771 4241 891 4303 factam
906 4262 991 4304 anno
1007 4240 1205 4304 DCCXXV.

357 4344 498 4409 Favebat
512 4351 622 4408 autem
641 4344 806 4408 Bonifaeio
828 4343 1053 4427 in¹Evangelio
1074 4343 1237 4408 laboranti
1250 4364 1317 4407 om-

313 4448 364 4510 nis
384 4448 518 4511 ecclesia
536 4448 727 4530 Anglioana,
744 4447 813 4510 aliis
834 4469 868 4510 sc
889 4448 974 4530 ipsos
994 4447 1127 4530 inopus
1148 4445 1318 4512 ministerii

315 4549 550 4628 exhibentibus,
577 4549 646 4613 aliis
676 4550 724 4630 (ut
753 4571 850 4632 supra
879 4550 1028 4630 vidimus)
1057 4548 1158 4628 libris,
1185 4549 1319 4633 aliisque
