3259 5467
596 700 636 743 nr
652 699 829 743 usuarius
845 699 1032 742 sunuouns.
1253 683 1317 745 103

312 851 345 908 ct
362 842 481 907 similes
495 864 531 905 sc
546 841 616 906 Deo
632 841 811 919 crederent,
828 840 854 903 si
869 841 960 904 nulla
978 840 1050 924 lege
1067 847 1267 921 tenerentur,
1283 850 1316 906 et

312 948 479 1031 paradisus
494 946 548 1009 ille
563 946 598 1008 in
612 953 700 1008 terra
717 944 840 1028 positus
856 951 915 1022 est,
931 950 964 1006 et
982 950 1092 1008 tamen
1107 952 1218 1025 tantae,
1234 946 1316 1010 sicut

313 1074 411 1134 supra
426 1049 575 1127 diximus,
590 1049 763 1126 felicitatis,
778 1055 818 1112 ut
838 1048 865 1110 si
879 1047 943 1112 Dei
960 1054 1156 1131 praeceptum
1178 1050 1317 1113 custodi-

312 1162 397 1232 rent,
417 1174 543 1235 semper
565 1152 686 1234 absque
709 1157 814 1215 morte
837 1156 870 1214 et
894 1151 1024 1215 miseria
1044 1151 1192 1231 fiiissent,
1216 1152 1319 1218 donec

313 1257 466 1320 translati
480 1262 589 1320 essent
603 1254 639 1317 in
653 1276 756 1337 regna
770 1253 935 1318 ooelestia,
968 1253 1034 1318 Sed
1050 1255 1202 1338 antiquus
1217 1256 1319 1320 hostis

313 1359 488 1422 invidendo
504 1359 544 1423 de
559 1365 653 1422 tanta
668 1357 772 1440 gloria
785 1357 937 1436 hominis,
953 1357 1029 1441 quia
1049 1358 1155 1422 noluit
1169 1365 1208 1422 ut
1222 1360 1320 1424 homo

314 1469 442 1526 tantam
456 1461 591 1525 haberet
606 1460 804 1538 felicitatem,
818 1461 858 1524 de
870 1481 933 1543 qua
946 1460 1015 1544 ipsc
1028 1481 1087 1545 per
1102 1483 1194 1525 suam
1209 1483 1320 1547 supera

314 1565 405 1629 biam
425 1565 651 1648 dejectusest,
668 1564 743 1648 quia
765 1563 878 1628 aDeo
898 1563 1005 1628 bonus
1025 1564 1089 1629 fuit
1111 1562 1248 1644 creabas,
1260 1565 1321 1630 sed

316 1690 375 1752 per
395 1690 487 1731 suam
507 1666 691 1751 superbiam
713 1666 828 1731 cecidit
843 1667 887 1731 de
907 1666 998 1745 ooelo,
1014 1674 1048 1731 et
1069 1667 1143 1733 ideo
1156 1669 1321 1734 invidebat

317 1773 360 1835 de
380 1772 520 1836 hominis
539 1770 651 1853 gloria,
668 1770 744 1853 quia
762 1769 816 1833 illc
838 1769 1020 1853 perdiderat
1038 1792 1141 1849 uram,
1156 1779 1324 1856 propterea

316 1875 475 1939 tentando
500 1895 559 1958 per
588 1879 770 1956 serpentem
800 1873 902 1936 suasit
924 1873 1062 1952 mulieri,
1085 1880 1124 1937 ut
1149 1875 1259 1939 ederet
1282 1875 1323 1939 de

316 1979 428 2042 fructu
452 1977 538 2040 illins
564 1976 655 2060 ligni,
677 1976 719 2039 de
744 1997 808 2058 quo
831 1974 993 2040 Dominus
1018 1977 1169 2060 praecepit
1191 1984 1230 2041 ut
1254 1999 1323 2042 non

317 2082 463 2159 ederent,
489 2086 523 2144 et
549 2080 647 2145 dixit:
683 2081 721 2143 sa·
745 2081 948 2161 proieceritis
970 2080 1008 2142 de
1030 2081 1122 2161 liquo,
1145 2082 1324 2162 operientur

317 2187 402 2248 oculi
415 2187 520 2263 vestri,
535 2190 566 2247 et
588 2184 678 2247 eritis
693 2184 775 2247 sicut
797 2185 853 2262 dii,
868 2185 998 2247 edentes
1018 2185 1127 2248 bouum
1147 2191 1177 2248 et
1198 2187 1282 2248 mola
1314 2232 1323 2250 .

318 2289 494 2353 Consensit
514 2287 631 2351 mulier
653 2286 803 2365 suasioni,
819 2293 852 2351 et
867 2285 1018 2366 comedit,
1034 2293 1067 2351 et
1089 2287 1178 2352 dedit
1196 2289 1273 2367 viro,
1289 2296 1323 2353 et

320 2391 462 2455 comedit
476 2390 554 2474 ipse,
571 2397 604 2454 et
623 2397 704 2454 tunc
725 2397 799 2473 post
819 2396 986 2472 peccatum
1004 2389 1101 2456 ambo
1117 2391 1232 2475 dejecti
1247 2399 1324 2456 sunt

321 2495 362 2557 de
387 2492 536 2576 paradiso
561 2493 598 2556 in
620 2493 705 2557 hanc
729 2493 881 2556 miseram
904 2493 1013 2572 vitam,
1039 2501 1071 2559 et
1097 2496 1202 2581 omnis
1227 2495 1325 2559 homo

320 2603 453 2680 propter
467 2597 556 2659 illam
570 2595 859 2679 transgressionem
876 2596 937 2660 sub
958 2598 1072 2661 mortis
1086 2595 1324 2682 imperio'tene·

319 2699 429 2778 batur,
445 2706 478 2763 et
494 2720 606 2763 omnes
628 2699 671 2763 ad
689 2699 809 2762 inferni
826 2699 966 2762 claustra
985 2698 1231 2781 descenderunt,
1244 2703 1327 2786 justi

320 2811 433 2868 tamen
447 2803 494 2866 ibi
514 2824 581 2866 non
601 2808 760 2880 arserunt,
775 2802 833 2866 sed
849 2808 961 2867 tamen
979 2804 1112 2871 fuerunt
1133 2807 1169 2869 in
1186 2806 1325 2885 inferno,

320 2907 471 2991 sedentes
489 2906 526 2969 in
548 2905 691 2969 tenebris
710 2912 744 2969 et
761 2904 878 2970 umbra
898 2907 1022 2986 mortis,
1041 2914 1075 2971 et
1094 2909 1203 2973 nullus
1222 2910 1326 2973 homi·

322 3033 405 3073 num
418 3009 526 3100 potuit
539 3009 629 3073 illam
645 3008 887 3073 damnationem
902 3020 1134 3089 asserentem,
1147 3012 1203 3075 sed
1214 3032 1326 3075 omnes

320 3114 359 3176 in
373 3113 505 3181 inferno
517 3112 641 3175 detenti
663 3119 750 3190 sunt,
767 3112 870 3177 donec
886 3112 906 3175 J
907 3118 980 3176 esus
998 3111 1149 3177 Christus
1164 3111 1327 3177 Dominus

322 3221 436 3283 noster
465 3236 522 3298 per
546 3222 677 3279 uterum
703 3213 820 3279 Mariae
849 3235 974 3298 semper
1002 3215 1146 3297 Virginis
1174 3216 1265 3280 nasci
1292 3216 1329 3280 in

323 3320 449 3384 mundo
464 3319 617 3401 dignatus
638 3323 697 3398 est,
712 3326 750 3382 ut
770 3319 857 3383 idem
870 3320 967 3384 ,fieret
987 3319 1157 3385 hominum
1175 3316 1329 3386 liberator

324 3422 382 3506 qui
404 3421 467 3485 fuit
489 3428 623 3500 creator,
644 3422 733 3486 etin
754 3422 869 3487 cadem
892 3443 997 3502 carne,
1019 3445 1116 3507 quam
1137 3446 1196 3508 pro
1217 3429 1328 3489 nostra

323 3524 537 3607 omniumque
560 3525 664 3589 salute
687 3525 838 3609 suscepit,
861 3526 980 3590 multas
1004 3526 1137 3610 injurias
1158 3550 1180 3592 a
1197 3527 1329 3612 perfidis

323 3628 516 3693 Judaeomm
538 3628 665 3711 populis
689 3627 854 3706 sustinuit,
874 3636 942 3693 non
963 3636 1002 3693 ut
1024 3652 1059 3695 se
1079 3631 1241 3697 vindicare
1262 3653 1330 3697 non

325 3731 495 3816 potuisset,
518 3731 574 3795 sed
597 3732 780 3814 exemplum
804 3732 1088 3817 nobis·patientiae
1110 3736 1266 3818 exhibuit,
1290 3743 1330 3800 ut

326 3857 403 3898 cum
421 3834 593 3898 tolerantia
607 3833 833 3899 tribulationes
852 3841 885 3899 et
904 3836 1038 3921 injurias
1052 3838 1223 3921 patiamur.
1268 3839 1330 3903 Ille

326 3937 525 4000 tentationes
540 3936 659 4002 diaboli
674 3937 839 4016 sustinuit,
856 3944 889 4002 et
906 3959 982 4003 eum
997 3963 1055 4004 sua
1069 3940 1188 4005 virtute
1203 3962 1330 4025 supera-

326 4041 384 4118 vit,
400 4045 433 4103 et
452 4039 489 4102 in
509 4039 661 4123 abyssum
682 4061 757 4105 eum
775 4062 834 4105 sua
856 4041 1023 4106 divinitate
1046 4064 1191 4126 mergere
1213 4042 1330 4125 potuit,

328 4151 362 4207 et
393 4152 504 4206 tamen
537 4142 600 4205 nisi
633 4144 892 4208 mansuetudinis
926 4144 1023 4210 verba
1055 4168 1122 4210 non
1154 4144 1330 4228 respondit.

328 4246 489 4310 'l'oleravit
505 4267 524 4308 a
538 4245 668 4329 perfidis
684 4247 806 4311 Judaeis
827 4248 931 4312 multa
948 4249 1147 4333 blasphemia
1161 4247 1332 4312 verborum

328 4357 364 4412 et
386 4349 519 4432 insuper
540 4349 676 4432 flagella,
692 4356 796 4433 sputa,
817 4351 934 4435 alapas,
956 4352 1100 4436 spineam
1122 4372 1283 4430 coronam,
1299 4358 1332 4415 et

328 4455 502 4519 incisiones
525 4456 655 4535 multas,
671 4464 704 4520 et
727 4462 800 4540 post
825 4458 888 4521 ista
908 4459 1017 4523 omnia
1034 4465 1067 4524 et
1089 4459 1152 4523 alia
1172 4457 1276 4521 multa
1296 4457 1333 4521 in

331 4580 425 4622 cruce
440 4559 573 4642 positus,
590 4560 686 4624 clavis
705 4582 821 4644 corpus
843 4583 938 4625 suum
958 4563 1111 4646 perforari
1131 4584 1198 4627 non
1215 4561 1334 4641 renuit,
