3259 5467
318 639 383 701 248
584 658 677 703 uorn
694 658 733 702 rr
750 659 865 702 vanus
882 658 1078 704 nscrrouns.

319 801 489 884 penuriam
531 805 817 885 paupertatemme
856 820 924 864 uon
968 799 1148 884 patiantur,
1185 824 1317 887 ‘quorum

319 903 458 987 pecunia
481 903 679 987 impraecario
705 903 832 987 (Sarius
853 903 889 966 in
909 903 1076 987 praecario)
1100 906 1249 988 praestita
1269 915 1319 987 est,

320 1007 377 1070 sed
406 1006 433 1069 si
463 1013 634 1089 paupertas
663 1012 758 1089 cogat
787 1006 938 1085 ecclesia,
968 1005 1081 1070 domui
1109 1007 1174 1072 Dei
1200 1009 1321 1094 integra

319 1108 473 1173 reddatur
493 1109 659 1193 possessio.
705 1109 861 1173 Similiter
877 1108 1089 1193 praecipimus,
1104 1116 1144 1175 nt
1155 1111 1253 1195 juxta
1273 1114 1320 1177 de-

319 1219 408 1276 creta
428 1233 600 1292 canonum,
616 1213 774 1277 adulteria
795 1219 829 1277 et
847 1213 972 1277 incesta
990 1214 1201 1280 matrimonia
1221 1216 1321 1300 probi·

318 1315 458 1379 beantur
494 1322 528 1379 et
564 1316 778 1380 emendentur
807 1315 1027 1398 episcoporum
1053 1317 1188 1400 judicio,
1219 1327 1254 1384 et
1288 1325 1321 1384 ut

318 1418 479 1501 mancipia
493 1418 669 1483 christiana
681 1417 817 1502 paganis
831 1440 899 1483 non
912 1418 1118 1483 tradantur.”
1134 1420 1190 1486 W.

363 1520 544 1585 Concilium
570 1521 911 1605 Leptinense-Anno
934 1522 1196 1588 743-Ocourrit
1213 1524 1276 1587 19*
1290 1524 1321 1587 in

320 1622 389 1687 cod.
406 1623 506 1688 Paris.
519 1652 552 1679 =

363 1727 401 1790 P.
423 1728 479 1806 16,
495 1728 518 1792 l.
542 1731 585 1790 14
604 1732 625 1764 “
636 1728 679 1792 In
699 1727 924 1811 antiquissima
942 1727 1131 1792 collectione
1153 1728 1321 1794 Canonum

319 1830 398 1894 Cod.
417 1831 492 1894 MS.
509 1832 613 1895 Palat.
634 1833 709 1895 542.
728 1851 890 1894 annorum
911 1829 1048 1914 amplius
1070 1838 1321 1914 nongentorum,

316 1940 356 1997 nt
371 1933 509 1997 refertur
523 1934 558 1997 in
580 1933 799 1997 monumentis
814 1933 1142 2011 Paderbomensibus,
1158 1956 1234 2018 pag.
1250 1937 1321 2000 336.

319 2043 391 2118 post
407 2036 587 2101 Concilium
602 2036 643 2099 ad
652 2036 791 2100 Liltinas
805 2035 956 2100 habitum
970 2035 1217 2101 aOarlomanno
1233 2038 1321 2117 duce,

318 2138 527 2222 subjungitur
542 2138 781 2204 abrenuntiatio
796 2137 915 2203 diaboli
929 2160 1126 2223 operumque
1138 2140 1209 2223 ejus
1224 2143 1322 2207 veteri

317 2241 430 2325 lingua
448 2242 628 2321 Theotisca,
649 2263 724 2306 cum
742 2241 885 2306 indiculo
907 2242 1173 2325 superstitionum
1190 2245 1320 2328 pagani·

318 2365 439 2425 carum,
456 2367 475 2409 a
490 2346 606 2429 quibus
626 2345 780 2429 populum
801 2345 1022 2429 episcoporum
1042 2345 1261 2413 sollicitudine
1275 2371 1321 2413 re·

319 2447 498 2511 vocandum
513 2448 684 2512 concilium
700 2448 780 2511 illud
796 2448 911 2512 statuit
922 2448 959 2511 P.
971 2449 1000 2512 I.
1010 2447 1091 2513 Can.
1101 2451 1132 2512 5.
1142 2449 1320 2515 indiculum

317 2550 462 2632 proxime
486 2550 640 2632 sequitur,
664 2556 749 2614 teste
771 2550 862 2614 Luca
884 2549 1066 2629 Holsteuio,
1091 2551 1223 2633 gemina
1246 2555 1319 2618 allo-

319 2650 406 2715 cutio
421 2652 463 2715 ad
476 2652 604 2735 plebem
624 2652 664 2716 de
683 2651 814 2716 incestis
834 2651 1048 2718 matrimoniis
1061 2652 1236 2736 fugiendis,
1252 2677 1319 2740 quae

318 2754 405 2817 idem
425 2754 616 2818 Concilium.
638 2756 677 2819 P.
697 2755 746 2819 II.
769 2754 849 2820 Gan.
870 2757 901 2819 3.
922 2754 963 2818 ab
985 2755 1141 2840 episcopis
1161 2758 1320 2841 prohiberi

318 2857 471 2941 praecipit.
517 2858 632 2941 Itaque
652 2858 693 2922 ad
713 2858 850 2923 Consilii
871 2858 958 2922 illius
980 2864 1053 2923 acta
1073 2859 1238 2942 pertinere
1254 2861 1318 2926 hac

319 2961 451 3026 omnino
466 2962 626 3025 videntur.
1156 3023 1159 3028 .

362 3065 426 3128 Pro
440 3064 565 3129 meliori
580 3064 789 3148 paganiarum
803 3063 1019 3148 intelligentia
1032 3085 1150 3149 paucas
1165 3065 1318 3151 subjicere

315 3169 407 3252 juvat
422 3168 663 3232 adnotationes:

363 3274 393 3335 1.
416 3272 465 3335 De
493 3271 656 3353 saoilepio
681 3270 725 3333 od
746 3271 909 3352 sepulchra
937 3268 1152 3354 mortuorum]
1193 3273 1318 3336 Funera

318 3380 411 3438 erant
425 3375 597 3458 magnifica
611 3378 644 3438 et
659 3379 826 3438 sumtuosa
833 3399 843 3453 3
867 3373 1038 3457 omniaque
1053 3394 1124 3458 qua
1138 3373 1217 3438 vivis
1232 3376 1317 3440 cordi

317 3476 415 3542 fuisse
430 3477 669 3541 arbitrabantur
688 3476 785 3540 vicini
804 3476 1002 3561 superstites,
1017 3477 1053 3540 in
1071 3475 1183 3560 ignem
1203 3478 1317 3543 intule-

317 3587 397 3643 runt
411 3580 510 3644 etiam
525 3580 676 3643 animalia
690 3601 765 3644 cum
776 3579 921 3644 defuncti
936 3579 1097 3660 cadavere,
1109 3579 1206 3644 subin
1221 3581 1316 3645 etiam

318 3702 423 3745 servos
446 3689 480 3746 et
503 3682 637 3746 clientes
660 3705 727 3746 una
750 3690 1006 3747 concremarunt.
1050 3682 1185 3747 Carolus
1208 3683 1260 3748 M.
1283 3684 1316 3747 iu

318 3784 458 3868 Capitul.
473 3785 642 3862 ordinavit,
656 3787 685 3849 si
699 3787 769 3868 quis
788 3805 898 3868 empus
913 3785 1050 3868 destructi
1067 3786 1200 3850 bominis
1213 3800 1318 3851 sema·

318 3889 390 3952 dum
403 3889 499 3952 ritum
507 3909 703 3971 papaaorum
710 3889 841 3972 flamma
852 3890 988 3953 consumi
994 3888 1110 3972 fecerit
1124 3895 1155 3954 et
1169 3910 1241 3954 ossa
1254 3891 1316 3973 ejas

318 3994 362 4056 ad
375 3993 505 4056 cinerem
520 3993 683 4074 receperit,
700 3995 800 4074 capite
808 3995 968 4074 punietur.

360 4096 408 4160 ΙΙ.
430 4097 480 4159 De
504 4096 667 4177 semilapio
691 4115 783 4177 super
805 4094 973 4178 defunctos,
995 4096 1032 4159 id
1054 4102 1110 4175 est,
1132 4096 1311 4180 Dorici-saa]

316 4200 425 4283 Dapes
438 4205 472 4262 et
487 4199 591 4283 epulae
609 4198 762 4262 funebres
781 4199 1037 4265 instituebantur
1054 4220 1123 4262 non
1144 4199 1214 4263 sine
1228 4200 1315 4263 luxu.

316 4302 499 4366 Parentalia
514 4299 719 4380 vocabantur,
737 4303 823 4385 quod
840 4323 879 4367 ea
899 4324 919 4366 a
937 4302 1010 4366 filiis
1024 4302 1060 4366 in
1073 4308 1246 4386 parentum
1261 4324 1316 4386 pa-

316 4430 474 4491 ganorum
488 4408 645 4472 honorem
664 4408 788 4473 fierent.
835 4409 882 4474 Ut
903 4414 951 4472 est
971 4408 1059 4492 apud
1078 4406 1314 4493 Hieronymum

314 4512 349 4574 in
365 4513 386 4575 J
388 4512 549 4576 eremiam.
596 4511 798 4576 Gaudentius
818 4512 966 4596 Episcop.
981 4511 1181 4578 Brixinensis
1195 4532 1314 4578 memo·
