3259 5467
324 652 388 713 130
473 666 651 710 nourrscrr
669 666 932 712 sacnrrrrscorr
949 668 989 712 nr
1006 669 1182 715 usnrrars

320 813 431 890 erexit,
446 812 533 895 loqui
552 810 682 888 meruit,
697 816 731 874 et
750 811 826 893 quia
847 810 1019 875 sanitatem
1039 811 1200 877 sentiebat
1219 813 1256 876 in
1275 834 1316 893 se,

319 915 551 980 vociferabatur
571 914 700 978 dicens:
724 915 753 978 Ο
775 914 859 979 bene
880 914 970 993 mihi,
988 936 1008 979 ο
1029 915 1115 980 bene
1134 917 1227 996 mihi,
1249 918 1317 1001 quis

319 1019 523 1102 ingreditur?
553 1017 622 1082 Aut
637 1017 706 1100 ipse
720 1017 881 1081 Dominus
896 1019 985 1082 Deus
1000 1027 1121 1097 noster,
1137 1026 1194 1083 aut
1210 1020 1317 1104 Ange·

318 1123 369 1186 lus
385 1123 454 1206 ejus
474 1121 583 1185 visitat
600 1142 670 1184 nos.
717 1121 856 1184 Sanctus
879 1129 989 1185 autem
1011 1121 1190 1206 Episcopus
1212 1123 1317 1188 stabat

320 1226 491 1303 admirans,
517 1231 556 1289 ut
584 1225 667 1289 forte
696 1224 833 1304 nescius,
861 1224 939 1307 quid
967 1225 1033 1288 suis
1061 1224 1317 1309 praeccdcntibus

317 1327 442 1392 meritis
457 1328 503 1392 ibi
517 1328 678 1391 Dominus
698 1327 769 1391 fieri
788 1327 989 1410 disposuerit,
1006 1328 1150 1412 dixitque
1164 1329 1317 1412 languido

318 1431 383 1495 illi:
409 1431 506 1496 .de
530 1431 575 1494 sic
600 1430 744 1494 clamitas
773 1431 895 1495 frater?
940 1432 1008 1495 Pax
1035 1431 1117 1496 tibi:
1151 1453 1259 1516 surge,
1285 1424 1332 1498 et'

317 1535 444 1618 porrige
457 1534 537 1598 mihi
551 1533 714 1598 modicum
729 1555 830 1625 aquae,
844 1541 884 1598 ut
901 1534 1020 1613 bibam,
1037 1535 1112 1618 quia
1125 1535 1231 1599 lassus
1245 1556 1316 1600 sum

317 1638 419 1701 valde.
450 1639 542 1701 Tunc
552 1638 606 1701 ille
621 1659 717 1700 sanus
727 1638 875 1716 surrexit,
887 1645 920 1702 et
931 1639 1022 1722 jussa
1032 1639 1095 1703 Dei
1107 1639 1169 1702 viri
1184 1640 1317 1705 devotus

318 1742 496 1824 complevit,
512 1748 545 1804 et
560 1762 634 1804 cum
649 1761 687 1804 eo
702 1741 822 1823 gratias
838 1742 909 1805 Deo
922 1741 1015 1805 laetus
1032 1763 1090 1825 pro
1104 1743 1247 1808 sanitate
1261 1764 1317 1808 sua

317 1845 496 1923 celebravit,
513 1851 546 1908 et
561 1844 677 1908 deinde
691 1844 765 1908 vitae
780 1864 847 1909 suae
869 1845 1027 1909 curricula
1046 1845 1219 1910 incolumis
1238 1868 1317 1930 prae·

316 1949 432 2013 terivit.
478 1946 551 2012 Hoc
578 1947 699 2030 insigni
724 1955 757 2012 et
783 1948 973 2013 admirando
998 1949 1152 2014 miraculo
1181 1951 1317 2034 gloriose

317 2058 509 2137 perpetrato,
526 2052 630 2135 majus
645 2051 872 2115 admirandum
887 2052 1095 2117 subsecutum
1109 2061 1171 2118 est.

361 2156 445 2220 Cum
463 2155 671 2238 quadamdie
692 2176 750 2238 per
768 2156 861 2219 littus
878 2156 976 2221 maris
997 2155 1230 2236 deambularet,
1244 2178 1316 2222 cccc

319 2259 448 2343 quidam
469 2266 578 2322 nautae
596 2258 759 2341 pervalida
782 2264 976 2343 tempestate
999 2260 1123 2344 pervasi
1146 2268 1315 2344 coepcrunt

316 2362 523 2427 vehementer
551 2362 733 2445 periclitari,
760 2369 793 2426 et
819 2384 894 2426 cum
919 2363 1069 2427 omnibus
1098 2364 1316 2429 mercimoniis

317 2465 382 2528 suis
405 2464 604 2548 pessundari.
650 2465 776 2530 Quibus
801 2466 914 2530 videns
939 2467 988 2531 vir
1013 2466 1147 2531 Domini
1171 2475 1316 2534 extrema

314 2569 381 2652 jam
403 2569 581 2646 imminere,
602 2575 756 2632 consueto
776 2569 915 2652 Spiritus
933 2570 1037 2634 sancti
1057 2571 1182 2636 fervore
1202 2572 1314 2652 fretus,

317 2679 390 2736 tuto
415 2672 494 2735 callo
518 2692 613 2754 super
636 2693 724 2736 mare
746 2672 895 2755 gradiens
916 2694 1020 2757 usque
1042 2674 1083 2737 ad
1103 2695 1158 2738 cos
1177 2675 1315 2740 festinus

317 2775 471 2859 pervenit,
484 2774 676 2858 signumque
691 2783 811 2839 sanctae
825 2776 928 2840 crucis
944 2777 989 2841 eis
1004 2777 1187 2861 praetendit,
1202 2786 1238 2842 et
1252 2779 1314 2842 ait:

319 2877 449 2942 Habete
468 2878 619 2942 fiduciam
637 2879 673 2942 in
690 2879 841 2958 Domino,
857 2879 982 2959 fratres,
998 2881 1074 2964 quia
1092 2902 1160 2945 non
1181 2880 1314 2966 despicit

317 2982 514 3047 confidentes
528 2981 564 3045 in
578 3003 622 3045 se.
653 2979 716 3045 His
730 2981 835 3046 verbis
851 2982 969 3066 quievit
984 2991 1167 3068 tempestas,
1183 2992 1217 3049 et
1230 2986 1316 3050 facts

315 3108 435 3169 magna
463 3085 688 3172 tranquillitas.
749 3085 1009 3151 Gubernatorem
1042 3108 1117 3152 vero
1149 3109 1249 3172 quem
1276 3108 1314 3153 cx

315 3212 410 3274 prora
431 3190 574 3274 elapsum
593 3191 689 3272 longe
709 3188 741 3252 vi
756 3211 815 3253 sua
835 3198 994 3273 quantum
1015 3198 1064 3255 est
1082 3191 1193 3256 missio
1211 3204 1313 3270 meus,

316 3315 404 3358 mare
427 3294 462 3357 in
488 3315 522 3358 se
543 3293 708 3377 protraxit,
729 3314 864 3358 cernens
887 3294 1077 3359 venerabilis
1097 3302 1192 3379 pater
1211 3295 1313 3379 mergi

315 3396 534 3480 incipientem,
550 3397 691 3461 cucurrit
709 3418 805 3480 super
825 3398 943 3462 fluctus
965 3399 1006 3462 ad
1024 3420 1109 3477 eum,
1131 3405 1165 3463 et
1183 3396 1314 3463 dextera

315 3521 374 3564 sua
403 3499 567 3563 dexteram
595 3500 681 3563 illius
717 3501 960 3584 apprehendens
995 3501 1134 3567 extraxit
1164 3522 1252 3582 eum,
1281 3508 1314 3566 et

316 3623 425 3666 secum
448 3603 489 3664 ad
513 3601 602 3665 arida
626 3603 785 3686 perduxit,
812 3604 882 3668 aliis
909 3625 1060 3688 prospero
1084 3605 1215 3688 navigio
1240 3604 1315 3669 sub·

316 3705 533 3787 sequentibus,
544 3726 581 3768 ac
595 3706 736 3770 Domino
750 3708 822 3772 Deo
836 3708 1051 3792 omnipotenti
1062 3708 1218 3793 jucundis
1230 3708 1313 3772 voci·

315 3807 376 3872 bus
392 3809 633 3874 concinentibus
647 3809 731 3874 forte
746 3810 830 3893 quod
853 3833 910 3895 per
930 3819 1078 3875 sanctum
1093 3832 1188 3876 suum
1204 3810 1314 3876 Ponti·

314 3912 408 3976 ficem
434 3911 587 3976 Livinum
606 3934 659 3977 eos
678 3913 799 3977 salvare
822 3914 974 3997 dignatus
997 3921 1056 3978 est.
1112 3912 1195 3979 Quis
1216 3914 1313 3997 hujus

314 4015 373 4079 riri
395 4017 555 4099 praeconia
577 4021 673 4094 tacet,
695 4016 758 4080 nisi
782 4016 838 4100 qui
859 4023 970 4083 mutus
992 4017 1067 4082 est?
1113 4017 1197 4084 Quis
1219 4017 1313 4082 meri·

313 4127 423 4184 torum
446 4120 515 4203 ejus
534 4120 668 4185 virtutes
686 4120 810 4184 fastidit
832 4121 970 4200 haurire,
989 4121 1053 4185 nisi
1075 4122 1131 4205 qui
1148 4120 1314 4186 Christum

313 4224 451 4307 negligit
467 4224 622 4307 diligere?
644 4225 716 4288 Nec
731 4224 818 4288 enim
834 4247 909 4289 eum
924 4225 1012 4289 aliud
1026 4226 1139 4290 fecisse
1153 4225 1312 4303 novimus,

312 4329 376 4391 nisi
400 4327 486 4411 quod
511 4327 678 4392 Christum
707 4328 852 4394 docuisse
881 4331 1029 4414 legimus.
1073 4330 1155 4394 Erat
1184 4349 1312 4414 quoque

312 4431 465 4509 veritatis,
494 4431 687 4496 humilitatis
715 4432 783 4510 fios,
813 4434 946 4497 lucerna
976 4433 1123 4517 justitia,
1153 4432 1311 4498 castitatis

315 4550 451 4617 gemma,
468 4534 647 4600 sobrietatis
662 4557 784 4600 norma.
827 4537 869 4601 In
884 4537 1008 4602 cunctis
1023 4558 1098 4601 vero
1113 4536 1230 4601 studiis
1244 4537 1310 4601 suis
