3259 5467
692 723 729 764 ru
745 719 934 764 nrrsronas.
1250 701 1314 762 225

309 868 455 934 tionibus
482 869 649 934 Bonifacio
677 866 841 951 acquisiti,
864 866 1009 949 undique
1037 866 1073 928 in
1102 865 1247 944 circuitu,
1274 865 1315 929 ab

310 974 438 1038 oriente
456 973 577 1038 scilicet
598 980 632 1037 et
654 972 831 1049 occidente,
848 993 867 1034 a
886 969 1107 1054 septentrione
1128 975 1162 1033 et
1184 968 1317 1033 meridie

311 1076 454 1156 marcha,
469 1077 504 1140 id
523 1084 583 1156 est,
597 1076 699 1154 limes,
714 1095 772 1159 per
794 1082 933 1158 quatuor
951 1072 1053 1137 millia
1071 1094 1225 1155 passuum
1245 1079 1317 1136 ten·

313 1178 462 1243 debatur.
508 1181 562 1244 Ita
586 1179 681 1262 Idigil.
709 1178 731 1241 l.
756 1197 784 1240 c.
811 1176 931 1240 confer.
954 1197 1004 1260 ep.
1023 1175 1142 1239 CXLI.
1172 1175 1317 1239 Annales

312 1282 499 1361 Fuldenses,
525 1283 734 1347 Hermannus
760 1281 963 1358 Contractus,
990 1277 1159 1342 Marianus
1190 1278 1317 1358 Scotus,

313 1386 507 1450 Lambertus
524 1383 856 1468 Schaffnaburgensis.

359 1490 465 1553 Locus
493 1490 561 1572 ipse
586 1487 783 1567 monasterii,
808 1486 842 1550 S.
868 1485 1034 1550 Bonifatio
1055 1485 1092 1549 in
1113 1507 1171 1550 aua
1197 1485 1239 1550 ad
1258 1486 1317 1549 Za-

312 1593 456 1656 chariam
472 1592 616 1676 epistola,
630 1598 724 1669 teste,
740 1589 781 1654 ab
796 1587 911 1653 eodem
930 1588 963 1653 S.
981 1588 1137 1652 Salvatori
1151 1588 1317 1652 dedicatus

315 1701 375 1758 est.
422 1695 609 1758 Oratorium
623 1714 750 1775 nempe,
767 1690 854 1775 quod
876 1711 951 1754 cum
971 1691 1165 1755 monasterio
1178 1691 1317 1755 nullate·

314 1821 378 1862 nus
402 1798 676 1875 confundendum,
688 1819 769 1860 ,nam
794 1797 856 1860 hoc
877 1795 1017 1859 necdum
1038 1795 1100 1859 fuit
1122 1795 1317 1876 absolutum,

314 1923 391 1966 cum
415 1902 599 1965 Bonifacius
622 1923 674 1965 an.
701 1900 880 1967 DCCLIV..
901 1899 937 1962 in
962 1899 1097 1963 Frisiam
1122 1906 1317 1982 properaret,

314 2006 372 2088 qui
386 2005 521 2088 proinde
535 2005 621 2068 illius
636 2004 677 2068 ad
698 2003 864 2086 fastigium
885 2002 1081 2087 perducendi
1097 2022 1208 2066 curam
1223 2003 1319 2068 Irullo
1355 2027 1361 2040 ·

314 2107 489 2172 successori
503 2107 648 2189 legitimo
661 2107 697 2170 in
715 2105 844 2190 juribus
861 2104 1047 2170 monasterii
1056 2104 1231 2169 ⁴Fuldensis
1245 2127 1318 2189 pro·

313 2210 474 2294 prietariis
496 2209 743 2274 commendavit.
787 2209 979 2274 Audiendus
1006 2216 1116 2273 autem
1139 2217 1190 2274 est
1219 2210 1319 2274 Boni-

315 2315 417 2379 facius
445 2315 514 2398 ipse
543 2314 676 2379 Lullum
706 2314 875 2397 postremis
904 2313 1009 2376 verbis
1039 2313 1205 2396 alloquens
1233 2314 1319 2397 apud

314 2419 557 2482 Willibaldum:
596 2419 662 2481 Sed
697 2425 740 2495 to,
776 2417 894 2500 inquit,
931 2417 994 2480 Fili
1032 2418 1075 2479 mi
1120 2417 1318 2497 Obarissc'me,

313 2528 503 2585 structuram
526 2523 560 2584 ia
588 2522 758 2604 llmrinpio
783 2543 803 2585 a
827 2541 874 2584 me
899 2527 1029 2603 captam
1054 2523 1251 2586 ecclesiaram
1276 2523 1322 2586 acl

308 2624 511 2706 perfectiouis
539 2626 701 2687 terminum
729 2625 848 2699 decisam
888 2625 934 2689 Pu
956 2627 1107 2706 populum
1135 2626 1174 2689 ab
1203 2629 1321 2691 erroris

315 2729 397 2790 invio
419 2729 642 2791 instantissime
662 2748 781 2806 revoco,
801 2729 908 2811 illique
925 2729 1158 2810 <edificationem
1174 2732 1320 2794 Basilice

305 2833 378 2913 jam
400 2833 551 2895 iacbootae
570 2833 615 2894 cd
633 2833 765 2896 ramam
779 2834 904 2913 comple.
949 2832 1189 2898 Monasterium
1199 2833 1319 2918 ipsum,

317 2935 404 3020 quod
427 2944 515 3000 recte
540 2935 677 2999 advertit
702 2937 870 3000 Browerus
893 2934 949 2999 lib.
973 2936 1001 2998 I.
1025 2957 1053 3000 c.
1076 2940 1108 3000 5.
1154 2938 1320 3002 Bonifacio

316 3040 452 3117 vivente,
474 3039 613 3122 speciem
632 3038 848 3102 consummati
873 3037 976 3120 operis
1000 3059 1067 3102 non
1092 3039 1234 3121 accepit3
1256 3039 1320 3103 fuit

317 3144 423 3206 solum
446 3142 487 3205 ad
513 3142 673 3205 culturam
696 3141 913 3225 purgandum,
938 3161 1053 3204 nemus
1079 3139 1319 3220 succidendum,

318 3247 428 3309 invitae
454 3253 552 3328 atque
574 3246 732 3309 hactenus
758 3245 869 3309 otiosae
893 3244 1012 3322 telluri,
1038 3244 1126 3308 unde
1148 3243 1215 3307 vita
1240 3244 1320 3307 tole-

318 3356 454 3427 raretur,
482 3346 590 3412 herbae
619 3355 651 3412 et
679 3348 803 3412 radices
833 3348 1069 3432 extorquenda.
1114 3346 1178 3412 Pro
1207 3347 1322 3431 amplis

320 3451 442 3515 aedibus
465 3451 599 3515 fuerunt
620 3472 678 3535 per
701 3452 823 3515 multos
853 3473 954 3516 annos
983 3450 1119 3515 humilia
1146 3451 1320 3534 tuguriola,

318 3554 422 3618 victus
444 3575 644 3618 aerumnosus
666 3561 700 3619 et
720 3554 855 3638 reliqua,
872 3577 942 3638 qnae
961 3555 1130 3619 coenobitis
1148 3555 1189 3619 ad
1206 3555 1321 3620 votivae

319 3657 517 3740 paupertatis
532 3657 789 3740 experimentum
804 3657 994 3721 sufficientia
1008 3658 1193 3723 ambitionis
1207 3658 1243 3722 in
1257 3659 1321 3723 illis

319 3769 353 3824 et
383 3761 567 3844 periculosae
595 3759 754 3825 libertatis
784 3760 941 3825 desideria
972 3762 1225 3844 exstinguerent.
1285 3765 1319 3826 S.

321 3863 486 3928 Bonifacio
499 3863 622 3927 crudeli
635 3863 791 3946 martyrio
806 3885 825 3928 e
838 3864 915 3928 vivis
930 3863 1067 3943 sublato,
1080 3866 1203 3944 Lullus,
1215 3865 1272 3949 qui
1284 3865 1321 3928 in

321 3967 390 4050 ejus
409 3966 483 4050 jura
505 3987 543 4029 ex
564 3987 633 4029 asse
653 3966 855 4046 succedebat,
870 3966 988 4030 novelli
1006 3967 1192 4032 monasterii
1210 3988 1321 4031 curam

321 4070 356 4132 in
381 4091 415 4132 se
440 4069 590 4152 suscepit.
637 4071 759 4134 Praeter
778 4070 842 4134 alia
863 4069 997 4134 aedilicia
1019 4069 1164 4135 fundatae
1185 4076 1258 4135 tum
1276 4070 1344 4135 ibi'

321 4172 460 4235 ecclesiae
478 4179 674 4236 structuram
696 4172 738 4237 ad
759 4172 963 4256 perfectionis
980 4173 1157 4237 terminum
1178 4173 1321 4239 deduxit.

323 4276 434 4359 thue
445 4276 629 4358 temporalis
641 4276 709 4340 haec
720 4276 901 4361 jurisdictio
910 4275 951 4339 ad
966 4297 1040 4340 suos
1050 4276 1086 4339 in
1095 4277 1170 4341 sede
1180 4277 1322 4360 Magan-

322 4379 393 4442 tina
417 4400 614 4443 successores
636 4379 799 4457 transiret,
826 4379 921 4462 petiit
946 4400 1018 4443 eam
1042 4378 1102 4443 sibi
1127 4402 1149 4443 a
1170 4380 1324 4445 Zacharia

322 4505 404 4565 papa
424 4483 616 4562 confirmari,
633 4483 718 4566 quod
739 4482 878 4562 etfacit,
898 4482 979 4547 illud
1001 4483 1230 4548 monasterium
1250 4483 1323 4567 ejus

322 4586 447 4649 nomini
462 4586 621 4650 muniens.
