3259 5467
687 723 726 764 rs
743 722 932 766 rrrsroras.
1246 698 1308 766 241

310 871 511 948 conservant,
527 871 560 932 et
579 888 691 931 eorum
709 865 977 950 praeceptionibus
998 865 1157 931 contineri
1175 864 1312 946 videtur,

311 995 384 1057 quae
402 979 619 1038 antecessores
641 968 745 1034 nostri
767 968 931 1052 saepedicti
956 969 1102 1053 Pipinus,
1123 963 1256 1035 Carolus
1279 966 1314 1034 et

310 1076 567 1140 carolomannus
592 1073 756 1156 adipsum
776 1093 884 1136 casam
901 1072 964 1136 Dei
985 1093 1043 1156 per
1063 1066 1313 1137 eorum'insuu-

312 1186 423 1243 menta
452 1178 725 1254 condonavemnt,
747 1175 836 1259 juste
865 1181 899 1238 et
920 1175 1155 1241 rationabiliter
1175 1197 1235 1241 nos
1256 1194 1315 1259 per

311 1290 457 1346 nostram
474 1279 752 1345 confirmationem
767 1278 798 1341 ei
818 1278 961 1360 gratanti
975 1278 1083 1344 animo
1099 1278 1314 1344 concessimus

311 1386 362 1449 vel
384 1383 651 1450 confirmavimus.
697 1380 909 1464 Cognoscite3
932 1387 965 1446 et
986 1387 1025 1445 ut
1046 1381 1115 1447 haec
1137 1381 1315 1447 authoritas

312 1486 565 1552 confirmationis
582 1491 701 1549 nostrae
719 1484 841 1548 firmior
858 1483 1026 1564 habeatur,
1042 1490 1075 1549 ct
1094 1506 1151 1569 par
1170 1491 1316 1569 tempora

314 1589 429 1654 melius
463 1594 678 1666 conservetur,
707 1607 824 1650 manus
853 1593 973 1652 nostrae
1003 1587 1174 1672 signaculis
1203 1586 1316 1652 subter

313 1713 385 1755 eam
401 1690 597 1756 decrevimus
611 1689 772 1754 roborare.
845 1698 846 1703 ’
938 1733 941 1740 ·

360 1794 498 1876 Signum
512 1791 621 1876 Pipini
635 1790 765 1874 gloriosi
778 1790 864 1875 regis
878 1792 1086 1856 Francorum.

359 1896 545 1960 Widmarus
556 1895 665 1978 jussus
680 1893 850 1976 recognovi
865 1901 898 1957 et
913 1893 1094 1978 subscripsi.

359 1999 483 2062 Datum
513 1997 598 2082 quod
626 1996 703 2061 fecit
739 2017 851 2061 mense
880 1996 971 2061 Maio
1001 1997 1052 2061 die
1081 1995 1205 2060 XXIII
1230 2017 1317 2061 anno

315 2101 457 2166 secundo
478 2100 572 2184 regni
599 2099 699 2183 ipsius
722 2099 850 2182 gloriosi
871 2098 964 2182 regis.
1014 2099 1135 2165 Actum
1156 2099 1318 2164 Virmeria

315 2204 435 2288 palatio
448 2203 577 2287 publico
591 2202 628 2266 in
642 2201 705 2266 Dei
718 2201 850 2266 nomine
864 2202 1030 2267 feliciter.”
1045 2202 1099 2266 W.
1203 2207 1207 2213 ’

360 2308 421 2389 Ep.
432 2309 485 2385 99,
495 2305 754 2389 Magingoa]—“
763 2304 903 2369 Videtur
916 2305 1012 2385 idem,
1025 2304 1080 2389 qui
1094 2304 1318 2388 Megingozus,

317 2409 508 2492 Mengoaus,
539 2408 789 2490 Megingaudus,
820 2407 1043 2490 Maingautus,
1068 2413 1101 2473 et
1131 2429 1180 2491 ep.
1204 2406 1319 2471 XVII.

317 2511 552 2594 Megingordus
570 2518 701 2575 vocatur
720 2517 753 2574 et
768 2511 974 2593 postmodum
990 2510 1232 2595 Herbipolcnsia
1252 2509 1317 2594 epi-

317 2636 431 2698 scopus
461 2615 630 2693 secundus,
662 2613 765 2678 sancti
794 2613 915 2679 scilicet
936 2615 1116 2679 Burchardi
1145 2633 1317 2680 successor.

316 2717 429 2782 Abbas
451 2717 554 2800 primo
576 2716 762 2780 monasterii
787 2715 1034 2781 Ncustadiensis
1057 2719 1098 2782 sd
1120 2718 1278 2795 Maenum,
1300 2737 1320 2781 c

319 2817 637 2901 Rotcnburgensium
658 2818 812 2883 comitum
830 2819 952 2883 familia
971 2820 1120 2899 traditur,
1136 2819 1271 2904 ideoque
1286 2824 1319 2883 et

318 2943 358 2985 ex
373 2921 486 2984 eadem
501 2927 594 2985 erant
609 2921 867 2986 sanctimoniales
882 2921 946 2986 illae
960 2922 1098 3005 virgines
1112 2922 1220 2986 fratris
1235 2921 1318 2998 filiae,

320 3023 359 3087 de
390 3023 507 3107 quibus
535 3024 572 3086 in
601 3023 745 3106 epistola.
790 3023 909 3088 Nescio
939 3046 982 3088 an
1010 3024 1107 3103 idem,
1137 3025 1187 3088 vel
1213 3024 1320 3107 potius

319 3126 464 3210 ejusdem
479 3126 608 3209 gentilis
623 3133 656 3191 et
671 3127 871 3210 cognominis
886 3128 928 3191 sit
942 3128 996 3191 ille
1010 3127 1214 3210 Maingutus,
1229 3119 1323 3209 cujus

320 3229 435 3292 fratres
461 3228 595 3293 comites
625 3230 868 3312 Rotenburgici,
898 3230 1091 3312 Wolfangus
1120 3237 1153 3294 et
1183 3228 1323 3294 Umbica

322 3331 564 3395 Schwarzacum
584 3353 690 3396 arcem
704 3334 796 3396 suam
816 3353 902 3396 anno
916 3332 1126 3397 Dcccxvr.
1146 3331 1182 3395 in
1196 3351 1323 3395 monas-

320 3433 440 3497 terium
455 3441 694 3499 converterunt.
716 3436 793 3499 vid.
805 3457 855 3518 ep.
868 3437 920 3514 87,
930 3438 974 3500 97
993 3435 1075 3520 [ord.
1090 3434 1252 3518 Scrrar.]''
1267 3434 1322 3498 W.

365 3537 426 3621 Ep.
444 3539 517 3616 101,
532 3559 563 3621 p.
579 3541 654 3616 217,
674 3540 714 3602 10
728 3539 890 3622 siglas-“
898 3537 992 3623 sigla]
1013 3538 1165 3603 monile.’'
1179 3538 1224 3601 W
1241 3562 1276 3591 =

366 3640 427 3723 Ep.
444 3643 517 3719 102,
533 3662 564 3723 p.
580 3643 655 3719 218,
673 3643 714 3705 19
735 3646 755 3677 “
766 3642 878 3720 Potus,
894 3642 950 3724 qui
963 3641 1002 3705 iis
1016 3642 1215 3725 prohibetur,
1230 3639 1325 3710 melle

322 3742 542 3807 indulcoratus
563 3749 611 3807 est
633 3743 813 3827 hydromeli
831 3765 888 3808 scu
910 3750 1008 3824 meto,
1028 3744 1069 3811 de
1091 3767 1155 3830 quo
1176 3750 1210 3810 et
1231 3744 1324 3829 epist.

324 3845 434 3908 LXII.
456 3846 538 3928 [ord.
556 3845 684 3928 Scrr.]”
698 3847 788 3910 W:
1119 3891 1122 3896 .

368 3948 428 4030 Ep.
453 3951 526 4027 103,
556 3972 588 4033 p.
611 3952 685 4028 219,
709 3951 753 4013 30
781 3950 920 4014 coelestis
948 3950 1205 4014 bibliothecae—‘
1213 3947 1248 4012 id
1277 3953 1325 4012 cst

325 4072 488 4115 sacrarum
503 4051 690 4115 literarum!
705 4053 759 4117 W.

368 4155 428 4238 Ep.
447 4157 519 4233 104,
537 4177 570 4238 p.
589 4157 663 4234 225,
680 4158 723 4218 14
737 4155 943 4220 orarium-“
954 4155 1077 4221 stolam
1096 4162 1211 4220 vocant
1228 4154 1327 4219 ecclc·

326 4256 445 4321 siastici
454 4257 632 4340 scriptores,
645 4264 702 4322 aut
710 4264 841 4338 vestem,
854 4280 926 4343 quae
940 4259 1062 4324 clericis
1082 4278 1241 4335 concessa,
1257 4277 1329 4339 quae

326 4368 479 4440 oratores,
494 4366 533 4424 ut
553 4366 586 4424 et
601 4362 709 4426 Deum
725 4367 829 4441 orent,
845 4369 877 4426 et
898 4362 985 4446 apud
998 4362 1154 4447 populum
1168 4363 1328 4443 perorent,

327 4463 472 4528 deceat.”
487 4463 541 4527 W.
555 4494 589 4521 =
628 4464 848 4529 Coculam-“
856 4466 961 4529 Varro
975 4466 997 4530 l.
1010 4466 1051 4529 de
1065 4464 1131 4529 vita
1143 4484 1217 4547 pop.
1234 4462 1328 4524 Rom.

326 4567 447 4646 cocula,
460 4589 532 4649 quae
546 4567 704 4651 coquebat
718 4589 846 4651 panem,
857 4569 998 4652 primum
1015 4568 1075 4634 sub
1090 4568 1208 4645 cinere,
1218 4569 1330 4651 postea
