3259 5467
598 710 638 752 nr
654 710 828 754 maurinis
845 710 1031 755 anemonas.
1271 692 1313 755 63

692 1157 845 1221 SERMO
868 1158 935 1223 III.

551 1327 599 1390 De
610 1329 734 1409 gemino
740 1329 875 1410 justitie
890 1330 1073 1411 operatione.

357 1497 388 1559 1.
411 1495 531 1558 Parus
561 1515 644 1578 ergo¹
664 1496 791 1580 justitia
820 1503 869 1561 est
898 1497 984 1561 mala
1011 1518 1078 1561 non
1107 1492 1211 1561 facere
1240 1514 1312 1580 qnae

313 1598 461 1663 diabolus
478 1599 633 1682 suggerit.
680 1599 829 1663 Secunda
849 1607 898 1664 est
917 1600 1120 1664 benefacere
1136 1619 1206 1686 quae
1221 1599 1311 1664 Deus

312 1702 519 1786 omnipotens
541 1703 690 1767 hortatur
711 1725 771 1767 nos
797 1705 919 1768 facere:
944 1704 1019 1787 quia
1040 1703 1131 1768 Deus
1152 1703 1311 1767 desiderat

312 1806 451 1869 salutem
467 1806 647 1869 animarum
661 1814 854 1886 nostrarum,
871 1807 954 1871 sicut
969 1807 1091 1871 dictum
1106 1814 1163 1885 est,
1179 1808 1232 1890 qai
1245 1803 1314 1870 nuit

313 1929 416 1972 omnes
426 1910 763 1991 bmnimssalvosfieri.
784 1911 965 1974 Audiamus
974 1911 1092 1994 itaque,
1103 1909 1309 1988 dilectissimi,

312 2035 389 2096 quae·
400 2013 466 2077 sint
480 2014 567 2097 mala
581 2035 652 2096 quae
667 2013 811 2078 diabolus
824 2015 976 2098 suggerit,
990 2021 1022 2078 et
1033 2020 1145 2097 postea
1159 2032 1230 2096 quae
1245 2012 1313 2076 sint

312 2117 406 2182 bona:
421 2138 493 2200 quse
514 2117 673 2181 Dominus
697 2118 787 2181 Deus
806 2125 922 2181 noster·
942 2117 1009 2180 vult
1033 2124 1070 2180 ut
1093 2115 1257 2193 iaciamus,
1272 2123 1320 2180 ut·

312 2219 413 2283 umus
431 2218 492 2283 filii
512 2218 689 2284 dilectionis
708 2240 784 2299 suae,
799 2242 867 2284 non·
883 2220 942 2282 filii
961 2218 1150 2303 perditionis
1170 2225 1309 2283 aeternae.

312 2322 424 2385 Prima
445 2329 495 2386 est
518 2328 552 2386 et
574 2322 715 2406 pessima·
736 2322 773 2385 in
795 2323 935 2407 peccatis
959 2321 1117 2405 superbia,
1135 2342 1193 2405 per
1213 2338 1311 2405 qoam

313 2425 459 2489 diabolus
474 2446 548 2489 cum
563 2432 646 2489 esset
669 2426 807 2508 angelus
823 2425 1016 2490 clarissimus
1035 2425 1070 2488 in
1088 2427 1168 2490 coelo
1185 2425 1310 2504 cecidit,

311 2534 345 2592 et
374 2529 480 2592 factus
509 2536 558 2592 est
587 2537 716 2593 mamae
744 2529 934 2613 perditionis
963 2550 1038 2593 reus
1063 2549 1138 2593 cum
1161 2528 1313 2593 omnibus

312 2632 510 2696 satellitibus
521 2633 595 2696 suia
632 2633 818 2697 Secundum
832 2634 896 2696 fuit
911 2632 1138 2711 inobedientia,
1153 2651 1211 2716 per
1226 2626 1313 2717 quod

311 2735 410 2799 bomo
435 2737 557 2818 primas
586 2736 701 2800 cecidit
730 2736 770 2800 de
793 2737 948 2820 paradiso,
976 2736 1054 2799 dum
1079 2736 1142 2800 Dei
1167 2737 1311 2820 omnipo·-

311 2840 413 2903 tentis
427 2839 618 2903 mandatum
632 2860 705 2903 non
719 2839 899 2917 custodivit,
917 2845 950 2903 et
968 2839 1085 2903 missus
1105 2846 1154 2903 est
1172 2839 1209 2903 in
1227 2835 1312 2903 hanc

311 2943 551 3021 mortalitatem,
576 2950 608 3007 et
631 2964 707 3007 reus
733 2943 843 3007 iactus
867 2951 917 3006 est
942 2942 977 3006 in
1009 2944 1097 3007 omni
1126 2943 1314 3026 posteritate

313 3048 453 3111 filiorum
477 3068 608 3110 suorum
638 3054 766 3110 aeternae
791 3047 1025 3111 damnationis:
1057 3067 1153 3129 quam
1178 3045 1311 3109 damna-

312 3151 446 3229 tionem,
457 3156 495 3213 nt
510 3150 658 3228 diximus,
669 3151 758 3214 Deus
774 3151 977 3233 omnipotens
988 3149 1078 3213 venit
1090 3149 1126 3212 in
1140 3148 1310 3227 mundum,

313 3260 352 3318 ut
366 3261 525 3318 averteret
539 3276 559 3317 a
579 3253 685 3331 nobis,
698 3259 731 3317 et
750 3253 901 3317 liberaret
920 3275 979 3316 nos
1002 3252 1042 3317 ab
1064 3252 1154 3316 omni
1172 3252 1310 3315 miseria.

313 3358 441 3422 Deinde
466 3357 615 3441 prohibet
638 3379 703 3421 nos·
722 3357 882 3421 Dominus
908 3357 997 3420 Deus
1021 3355 1148 3420 diabolo
1171 3353 1316 3438 obedire,-

314 3461 390 3544 quia
404 3461 458 3524 ille
474 3461 632 3525 desiderat
647 3462 771 3524 multos
780 3461 903 3525 babere
915 3460 1017 3524 socios
1033 3483 1098 3524 suae
1112 3458 1314 3543 perditionis,-

314 3571 347 3628 et
361 3564 410 3627 illi
425 3564 481 3647 qui
494 3564 618 3647 faciunt
632 3565 834 3628 voluntatem
849 3563 967 3628 diaboli
986 3564 1022 3626 in
1035 3562 1310 3641 fornicationibus

314 3675 347 3732 et
368 3667 560 3745 homicidiis,
576 3674 609 3732 et
631 3668 806 3745 adulteriis,
826 3674 859 3732 et
879 3667 1097 3747 ebrietatibus,
1113 3674 1145 3732 et
1166 3667 1202 3730 in
1223 3666 1311 3730 falsis

312 3771 516 3850 testimoniis,
532 3778 564 3836 et
584 3771 864 3856 perjurationibus,
881 3779 914 3835 et
933 3771 1110 3855 injustitiis,
1127 3777 1159 3834 et
1178 3770 1310 3853 rapinis,

314 3881 347 3938 ct
365 3875 591 3958 iniquitatibus
602 3901 612 3952 3
636 3881 669 3938 et
693 3875 748 3958 qui
770 3875 924 3939 invidiam
945 3875 1071 3939 habent
1088 3881 1121 3938 et
1143 3873 1262 3952 odium,
1278 3880 1311 3937 et

314 3978 528 4043 detractiones
544 3985 657 4043 contra
670 3978 786 4042 fratres
800 4000 884 4056 suos,
894 3984 1015 4042 aeterna
1025 3977 1207 4041 calamitate
1222 3977 1310 4039 dam·
1398 3981 1402 3990 '

313 4088 435 4145 uantur
455 4103 531 4145 cum
553 4081 679 4145 diabolo
699 4089 733 4145 et
756 4081 879 4164 angelis
902 4081 970 4164 ejus
992 4081 1028 4144 in
1049 4081 1125 4162 igne
1144 4086 1309 4163 perpetuo

316 4183 381 4247 Qui
400 4204 474 4247 vero
493 4185 724 4267 omnipotentis
745 4184 808 4248 Dei
831 4185 935 4248 facere
957 4184 1155 4247 voluntatem
1177 4189 1209 4245 et
1231 4203 1310 4265 pree-

314 4288 415 4369 ceptis
441 4289 510 4371 ejus
540 4287 677 4366 obedire,
703 4288 739 4351 in
763 4293 883 4351 aeterna
908 4287 1009 4370 gloria
1031 4294 1126 4350 erunt
1148 4284 1312 4368 regnaturi

316 4410 390 4452 eum
406 4390 535 4455 Christo
550 4398 583 4454 et
599 4392 717 4455 sanctis
732 4393 855 4474 angelis
871 4391 948 4475 ejus.

358 4497 389 4559 2.
414 4494 495 4558 llaeo
513 4500 590 4557 sunt
607 4502 766 4578 praecepta
785 4494 894 4558 diune
914 4515 972 4577 per
990 4513 1061 4575 quae
1082 4492 1175 4557 nobis
1191 4499 1314 4560 aterna

316 4596 483 4662 beatitudo
520 4597 694 4662 donabitur
729 4620 748 4662 a
777 4600 848 4662 Deo
878 4598 1107 4682 omnipotente.
1167 4598 1314 4663 Primum
