3259 5467
608 707 649 750 rr
665 704 838 749 ussarius
854 703 1025 747 concrum.
1267 681 1308 741 41

313 853 418 918 dixit:
438 851 577 917 Domine
598 851 654 929 mi,
669 850 748 914 dum
767 850 862 933 juxta
880 848 981 911 sancti
1000 847 1195 930 apostolatus
1214 848 1311 911 vestri

311 957 570 1040 praeceptionem,
603 976 695 1018 meus
731 953 880 1017 dominus
916 949 1100 1015 Bonifacius
1135 950 1312 1034 episcopus,

312 1060 454 1124 famulus
475 1057 605 1144 pietatis
625 1063 749 1136 vestrae,
763 1057 800 1119 in
818 1055 980 1140 provincia
998 1055 1194 1118 Francorum
1216 1075 1310 1138 syno-

314 1163 394 1226 dum
419 1168 633 1245 aggregasset,
660 1167 693 1224 et
717 1158 886 1242 reperisset
910 1158 976 1222 illic
1000 1158 1096 1221 falsos
1122 1157 1311 1236 sacerdotes,

313 1265 489 1344 hoereticos,
510 1272 544 1328 et
566 1263 793 1341 schismaticos,
813 1262 847 1325 id
870 1268 919 1325 est
941 1260 1163 1329 Aldebertum,
1185 1267 1218 1324 θῖ
1240 1260 1313 1324 Cle-

313 1375 469 1446 mentem,
485 1366 662 1431 sacerdotio
676 1365 812 1449 privans,
829 1386 895 1428 una
914 1386 987 1428 cum
1001 1362 1196 1447 principibus
1211 1363 1312 1427 Fran-

314 1492 436 1550 corum,
452 1470 576 1534 retrudi
595 1470 672 1533 fecit
693 1470 729 1532 in
751 1468 940 1532 custodiam.
985 1467 1038 1531 Illi
1060 1474 1169 1530 autem
1189 1468 1313 1532 nonin

315 1573 508 1658 poenitentia
528 1573 715 1656 deg1mt‚ut
733 1571 914 1656 judicatum
936 1576 1005 1634 est:
1037 1570 1093 1633 sed
1114 1590 1132 1634 e
1154 1569 1316 1634 contrario

316 1677 424 1741 adhuc
444 1677 601 1760 populum
624 1675 793 1753 seducunt,
814 1696 874 1758 pro
897 1695 959 1757 quo
982 1679 1015 1736 et
1036 1672 1120 1737 hanc
1144 1674 1313 1758 epistolam

316 1779 441 1863 praefati
459 1778 525 1842 mei
542 1777 675 1856 domini,
691 1799 788 1861 quam
806 1775 956 1841 manibus
977 1797 1061 1858 gero,
1076 1783 1182 1840 vestro
1202 1783 1314 1840 sancto

317 1883 510 1968 apostolatui
537 1882 655 1946 missus
679 1882 788 1959 offere,
813 1888 852 1945 ut
878 1902 949 1944 eam
978 1900 1084 1944 coram
1114 1890 1315 1948 sacrosancto

318 1987 452 2051 concilio
469 1985 569 2069 relegi
586 1985 721 2050 faciatis.
764 1983 898 2048 Dictum
923 1990 990 2048 est:
1025 1983 1224 2068 Suscipiatur
1247 1989 1315 2071 epi-

318 2091 410 2169 stola,
425 2097 458 2155 θῖ
473 2111 581 2154 coram
594 2094 706 2152 nostra
719 2088 891 2172 praesentia
905 2087 1067 2170 relegatur
1075 2114 1085 2165 ;
1108 2095 1141 2152 θῖ
1156 2090 1313 2174 accipiens

318 2193 545 2278 Theophanios
561 2192 706 2258 notarius
724 2192 933 2274 regionarius,
948 2197 981 2254 θῖ
1001 2191 1182 2256 sacellarius
1200 2195 1315 2278 relegit

318 2298 355 2362 in
368 2297 419 2361 his
434 2295 644 2361 sermonibus.

325 2569 493 2654 [Epistola
516 2589 607 2651 paam
631 2569 843 2650 llaeopbaoius
868 2570 1008 2631 notanus
1028 2571 1146 2653 recepit,
1168 2573 1315 2656 quinqua.

354 2760 356 2765 .
374 2673 494 2754 perimo
507 2672 637 2753 septima
651 2678 698 2735 est
711 2673 862 2753 inpriore
877 2677 957 2736 tomo
970 2673 1061 2755 bruas
1075 2674 1243 2761 editionis]

365 2909 512 2992 Cumque
545 2910 664 2973 relecta
698 2915 791 2989 esset,
826 2910 994 2974 Zacharias
1028 2912 1246 2976 sanctissimus
1280 2935 1318 2978 ae

321 3012 525 3077 beatissimus
557 3035 640 3096 papa
674 3013 775 3078 dixit:
811 3014 969 3092 Audistis,
998 3014 1113 3078 fratres
1142 3017 1296 3079 carissimi
1307 3043 1317 3094 3

323 3117 402 3200 quid
414 3116 451 3179 in
470 3116 533 3179 ista
546 3115 679 3200 epistola
697 3117 854 3180 relectum
874 3117 917 3180 sit
933 3138 972 3180 ex
992 3117 1153 3198 sacrilegis
1173 3119 1246 3196 illis,
1263 3119 1318 3201 qui

323 3241 357 3283 se
378 3219 421 3283 ad
443 3241 535 3291 auam
556 3219 858 3284 condemnationem
879 3220 1037 3303 apostolos
1053 3220 1317 3303 praedicaverunt.

325 3322 525 3408 sanctissimi
540 3322 678 3406 episcopi
693 3329 725 3386 et
739 3322 934 3387 venerabiles
953 3321 1130 3407 presbyteri
1148 3324 1319 3407 responde-

323 3433 421 3491 runt:
449 3425 641 3490 Audivimus
663 3433 750 3490 certe
773 3427 966 3509 peremnia,
988 3448 1056 3490 non
1073 3428 1241 3509 apostolos,
1264 3429 1319 3493 sed

324 3528 490 3592 ministros
521 3535 651 3609 satana,
681 3536 714 3593 et
747 3550 957 3613 praecursores
990 3530 1178 3596 antichristi.
1239 3532 1321 3598 Quis

324 3632 412 3697 enim
438 3631 610 3715 aliquando
634 3633 859 3716 apostolorum,
884 3641 941 3697 aut
966 3633 1099 3717 quilibet
1125 3642 1322 3715 sanctorum,

325 3757 363 3799 ex
377 3735 501 3819 capillis
516 3736 592 3815 suis,
607 3744 665 3800 aut
678 3737 819 3820 ungulis,
836 3737 1016 3801 sanctuaria
1030 3739 1155 3821 populis
1169 3741 1320 3805 exhibue-

324 3845 413 3918 nmt,
428 3845 467 3902 ut
480 3838 542 3903 iste
556 3839 728 3923 sacrilegus
742 3846 775 3903 θῖ
794 3839 989 3923 perniciosus
1008 3862 1102 3922 agere
1123 3852 1256 3906 conatus
1271 3852 1320 3908 est

326 3941 532 4006 Aldebertus.
579 3943 644 4007 Sed
657 3943 718 4007 hoc
733 3943 835 4007 scelus
855 3964 874 4006 a
887 3948 992 4006 vestro
1011 3950 1122 4008 sancto
1142 3946 1321 4028 apostolatu

327 4052 375 4110 est
395 4046 617 4124 resecandum,
632 4053 701 4110 tam
715 4045 755 4110 de
769 4047 836 4124 illo,
852 4068 947 4130 quam
964 4047 1062 4110 etiam
1083 4048 1123 4111 de
1142 4047 1198 4111 illo
1217 4055 1321 4111 trans-

328 4170 472 4232 gressore
487 4149 664 4228 Clemente,
676 4150 732 4233 qui
746 4171 850 4214 sacros
865 4171 1002 4215 canones
1017 4149 1148 4234 spernit,
1161 4156 1257 4233 atque
1268 4172 1321 4214 ex-

327 4252 503 4336 positiones
515 4259 699 4316 sauctorum
710 4259 850 4335 patrum,
858 4261 891 4318 et
903 4254 989 4318 dicta
1000 4259 1196 4317 sanctorum:
1215 4259 1252 4316 ut
1263 4275 1323 4336 pro

328 4355 636 4439 transgressionibus
668 4356 733 4419 suis
759 4356 892 4440 diguam
917 4358 1091 4441 suscipiant
1117 4357 1322 4421 sententiam.

332 4459 559 4524 Sanctissimus
574 4480 611 4522 ae
625 4458 830 4524 beatissimus
846 4482 930 4544 papa
942 4460 1108 4524 Zacharias
1124 4459 1222 4524 dixit:
1249 4460 1326 4543 quia

331 4561 425 4627 hodie
443 4563 514 4646 jam
532 4561 653 4626 tardior
671 4563 752 4628 hora
772 4570 831 4642 est,
851 4571 986 4629 venturo
1009 4562 1175 4627 secretario
1197 4563 1326 4628 relectis

821 4688 842 4729 a
