3259 5467
695 724 733 764 iu
751 724 939 766 nnisronas.
1254 704 1316 764 205

311 864 429 927 libellis
444 864 518 928 dist.
538 867 581 926 20
596 864 706 927 multae
720 864 822 946 igitur
839 864 874 927 in
890 864 1003 927 eadem
1018 866 1123 946 glossa
1137 869 1319 951 tanguntur

311 966 389 1031 nodi
405 966 502 1051 hujus
518 967 759 1031 enodationes.'’
774 968 839 1044 W;
862 989 892 1050 p.
909 967 962 1045 65,
977 967 999 1030 l.
1019 969 1058 1030 13
1075 967 1154 1031 duos
1168 967 1217 1030 vel
1232 966 1312 1049 tres]

313 1070 509 1134 “Videntur
523 1070 642 1134 alieubi
661 1071 768 1154 plures
783 1079 856 1133 tum
870 1071 906 1134 in
921 1071 1015 1134 altari
1030 1071 1125 1155 positi
1141 1069 1265 1147 calices,
1281 1079 1318 1132 ut

313 1174 624 1237 communicantium
649 1173 852 1239 multitudini
882 1174 1026 1240 sufficere
1055 1180 1163 1257 posset
1188 1172 1319 1255 sanguis

314 1276 515 1341 Dominicus.
570 1276 711 1359 Ideoque
737 1277 787 1339 vel
817 1277 996 1359 capaciores
1019 1276 1097 1342 facti
1120 1275 1243 1353 calices,
1269 1275 1320 1340 vel

313 1400 352 1442 ex
368 1401 434 1443 uno
453 1379 579 1443 minore
593 1379 628 1442 in
646 1380 734 1457 alios,
751 1380 813 1443 alio
836 1379 951 1444 decoro
976 1379 1095 1463 positos
1110 1380 1189 1455 loco,
1205 1377 1319 1445 calices

312 1483 399 1546 faeta
427 1483 605 1547 consecrati
630 1484 699 1566 jam
728 1482 795 1545 vini
824 1482 1008 1546 transfusio.
1054 1483 1097 1547 Et
1127 1481 1171 1560 hi,
1202 1480 1318 1563 quibus

313 1585 432 1668 populo
447 1585 692 1649 ministrabatur
701 1585 833 1668 sanguis
845 1585 988 1663 Domini,
1000 1585 1197 1650 vocabantur
1208 1585 1319 1647 calices

311 1690 540 1766 ministeriales,
565 1688 605 1752 de
634 1688 751 1771 quibus
775 1689 861 1772 apud
885 1690 1062 1753 Damasum
1083 1695 1116 1752 et
1140 1686 1317 1751 Bibliothe-

312 1791 436 1854 carium
455 1792 490 1854 in
510 1791 577 1857 vita
593 1792 747 1876 Sylvestn'
769 1800 801 1855 et
819 1793 901 1856 Sixti
920 1790 984 1855 III.
1001 1793 1133 1875 ejusque
1148 1789 1236 1856 modi
1254 1788 1319 1852 fuit

311 1893 377 1971 ille,
394 1916 489 1976 quem
505 1895 656 1960 Ecclesia
676 1916 743 1959 suae
758 1895 935 1960 Rhemensi
956 1895 1075 1960 obtulit
1100 1894 1132 1957 S.
1150 1890 1316 1973 Remigius

311 1996 363 2059 his
378 1997 568 2080 inscriptum
587 1998 748 2062 versibus:

401 2156 540 2222 Hauriat
555 2157 631 2221 hinc
646 2157 783 2241 populus
797 2157 897 2220 vitam
912 2157 952 2221 de
968 2156 1125 2239 sanguine
1141 2177 1229 2220 sacro

399 2262 526 2346 Injecto
540 2268 681 2325 aeternus
696 2282 792 2344 quem
807 2260 892 2324 fudit
907 2261 1038 2323 vulnere
1054 2259 1211 2337 Christus,
1316 2266 1318 2268 ’

400 2365 567 2447 Remigius
581 2363 687 2453 reddit
703 2365 844 2428 Domino
860 2385 918 2427 sua
931 2370 1006 2428 vota
1022 2362 1184 2450 Sacerdos.

310 2527 458 2591 videatur
472 2527 641 2590 Lindanus
655 2526 711 2590 lib.
728 2526 788 2590 IV.
805 2527 969 2610 Panopliae
987 2547 1013 2590 c.
1030 2527 1082 2590 56.
1100 2534 1132 2590 et
1150 2527 1226 2591 hino
1246 2527 1315 2611 qui-

311 2631 386 2694 dem
413 2631 581 2713 utriusque
605 2629 721 2713 speciei
746 2651 824 2692 usus
850 2630 1029 2712 colligitur:
1053 2631 1110 2694 sed
1129 2638 1162 2695 et
1186 2631 1317 2694 aliunde

311 2734 428 2818 speciei
443 2735 540 2797 unius
554 2734 677 2817 priscus
688 2733 786 2797 etiam
796 2754 873 2795 usus
889 2732 1036 2797 habetur.
1082 2734 1233 2799 Bellarm.
1245 2734 1267 2797 l.
1283 2737 1317 2796 41

311 2837 352 2901 de
367 2838 469 2901 Euch.
485 2859 513 2901 c.
530 2840 582 2901 20.
599 2843 632 2901 et
650 2857 714 2919 seq.
733 2835 844 2919 Steph.
861 2837 1007 2900 Durand.
1026 2837 1047 2900 l.
1063 2838 1085 2900 i.
1102 2837 1142 2900 de
1156 2837 1272 2900 ritibus
1287 2858 1314 2902 c.

313 2945 403 3006 7.111
424 2940 610 3024 hujusmodi
633 2945 743 3002 autem
763 2939 898 3003 calicum
921 2941 971 3002 vel
997 2941 1155 3023 majorum
1178 2941 1228 3003 vel
1245 2941 1317 3023 plu-

311 3045 398 3106 rium
423 3043 644 3108 habendorum
671 3043 868 3120 difficultate,
886 3042 1030 3125 itemque
1055 3063 1095 3105 ex
1117 3042 1187 3125 ipso
1211 3048 1315 3104 trans·

312 3146 446 3210 fusionis
463 3147 606 3230 periculo
625 3147 732 3228 potuit
746 3146 833 3209 inter
853 3145 931 3208 alias
950 3165 1056 3227 neque
1079 3165 1196 3227 paucas
1211 3165 1316 3226 neque

312 3251 406 3326 leves,
432 3249 538 3332 aliqua
557 3249 655 3312 etiam
676 3270 745 3312 esse
770 3270 876 3327 causa,
903 3269 961 3311 cur
984 3247 1073 3310 laicis
1090 3267 1157 3310 una
1180 3254 1213 3310 et
1238 3247 1316 3310 olim

312 3373 438 3434 semper
452 3353 573 3414 usitata
587 3359 620 3414 et
635 3360 746 3434 postea
759 3373 823 3414 usu
840 3350 1004 3414 communi
1017 3356 1153 3433 recepta,
1169 3349 1315 3413 tandem·

312 3477 377 3540 que
401 3455 498 3518 etiam
518 3462 678 3537 praecepta
700 3455 820 3536 species
842 3453 972 3518 fuerit.''
997 3454 1078 3516 W:
1093 3476 1124 3536 p.
1148 3453 1315 3533 66,1.11.

312 3556 403 3620 valde
425 3557 566 3639 fatuum]
588 3561 608 3592 “
619 3557 692 3621 Imo
714 3558 749 3620 in
772 3564 895 3640 pestem
918 3565 1032 3640 sponte
1053 3557 1203 3640 ultroque
1222 3577 1316 3620 ruere

311 3660 438 3723 videtur
460 3661 596 3723 fatuum.
643 3660 708 3723 Sed
728 3661 871 3743 loquitur
885 3660 1035 3724 Pontifex
1056 3661 1096 3724 de
1109 3661 1158 3740 iis,
1175 3660 1232 3744 qui
1248 3681 1317 3723 cer-

311 3769 383 3825 tum
410 3763 605 3843 existimant,
633 3763 660 3826 si
683 3784 701 3827 e
726 3763 877 3846 pestifero
905 3764 975 3828 loco
1004 3764 1132 3842 abeant,
1156 3784 1253 3827 omne
1282 3784 1316 3826 se

311 3867 425 3930 mortis
448 3867 628 3948 periculum
653 3866 798 3945 evasisse,
825 3877 863 3930 ut
887 3867 1060 3951 subjuncta
1087 3867 1197 3931 innuit
1221 3865 1314 3930 ratio.

313 3968 439 4032 Deinde
463 3968 649 4047 absurdum,
672 3968 708 4032 in
726 3969 830 4033 morbi
849 3970 1041 4054 contagione
1058 3989 1169 4032 omnes
1191 3969 1314 4050 fugere.

311 4072 399 4134 Nam
415 4071 508 4154 aegris
524 4079 557 4135 et
576 4072 734 4155 pestiferis
749 4094 842 4155 opem
864 4073 946 4137 ferre
962 4074 1033 4155 quis
1052 4070 1194 4154 poterit?
1218 4077 1315 4153 atque

310 4174 372 4236 hoc
387 4195 453 4237 non
469 4175 596 4237 fatuum
616 4175 712 4239 modo
726 4174 783 4238 sed
797 4182 833 4238 et
852 4175 1077 4239 inhumanum.
1122 4174 1227 4237 Docet
1238 4171 1315 4236 alio·

311 4278 367 4359 qui
380 4277 497 4360 praxis,
514 4299 585 4360 quae
599 4278 635 4341 in
649 4278 751 4341 varias
763 4279 832 4362 jam
846 4278 1028 4342 Germania
1042 4283 1149 4361 partes
1164 4297 1203 4340 ex
1218 4274 1314 4339 Italia

310 4386 344 4442 et
360 4380 466 4443 Gallia
482 4381 598 4458 influit,
613 4382 791 4446 remedium
807 4381 956 4447 adversus
970 4386 1095 4464 pestem
1109 4401 1152 4443 ne
1168 4379 1314 4443 furenter

311 4482 391 4546 adeo
409 4491 581 4566 grassetur,
596 4505 664 4548 non
685 4485 806 4548 malum
827 4506 906 4562 esse,
922 4485 948 4548 si
969 4482 1130 4547 salubrem
1151 4482 1313 4546 inlocum

311 4584 527 4667 demigretur:
550 4587 671 4669 fiatque
688 4587 774 4670 quod
790 4586 915 4651 medica
928 4586 984 4651 illa
998 4593 1108 4650 monet
1123 4608 1235 4650 musa:
