3259 5467
409 666 453 725 40
681 682 859 726 nourracrr
878 683 1139 730 racurarrscorr

410 1202 461 1262 10.
495 1219 638 1262 ROMANA
664 1218 814 1262 SYNODUS
842 1219 885 1261 DE
912 1218 1102 1262 Hmssurrcrs
1127 1221 1147 1262 A
1172 1221 1198 1262 S.
1222 1222 1405 1264 BONlFAGIO

453 1324 627 1367 DAMNATIS
657 1323 703 1365 AD
733 1322 877 1365 EUNDEM
909 1323 949 1364 ΕΤ
985 1323 1083 1366 Amos
1117 1325 1155 1366 IN
1194 1325 1405 1368 GERMANIAM

453 1427 564 1470 Misce.

824 1572 897 1614 mu.
915 1552 989 1615 745.

450 1759 492 1821 Iu
513 1758 643 1822 nomine
663 1757 797 1822 Domini
817 1758 838 1820 J
840 1779 897 1821 esu
912 1756 1041 1834 Christi,
1060 1758 1243 1841 imperante
1263 1758 1404 1825 Domino

406 1861 547 1946 piissimo
562 1863 711 1945 Augusto
727 1861 942 1925 Constantino
961 1861 1162 1944 imperatore,
1178 1884 1265 1926 anno
1280 1864 1403 1942 XXVI,

317 2034 319 2038 ,
405 1974 479 2049 post
498 1967 701 2030 consulatum
721 1966 790 2049 ejus
805 1986 891 2029 anuo
907 1964 1030 2048 quinto,
1045 1965 1164 2028 mensis
1182 1963 1336 2031 Octobris
1356 1968 1403 2032 die

405 2069 554 2134 vicesima
565 2070 687 2153 quinta,
697 2068 873 2133 indictione
885 2075 1000 2151 quarta
1011 2074 1044 2132 et
1054 2068 1177 2133 decima
1188 2094 1195 2133 ε
1211 2061 1403 2153 praesidente

406 2174 606 2238 sanctissimo
635 2195 672 2237 ac
700 2172 886 2237 beatissimo
911 2171 1052 2236 Domino
1076 2171 1231 2236 Zacharia
1254 2195 1348 2257 papa,
1371 2174 1403 2237 in

405 2277 596 2361 patriarchio
626 2275 846 2354 Lateranensi,
876 2275 911 2337 in
945 2275 1091 2354 Basilica,
1123 2296 1194 2358 quae
1226 2277 1404 2363 appellatur

405 2379 583 2443 Theodori:
617 2379 858 2444 considentibus
888 2384 997 2442 autem
1022 2399 1098 2441 cum
1127 2400 1165 2442 eo
1194 2380 1402 2443 sanctissimis

404 2483 558 2566 episcopis
572 2483 753 2566 Epiphanio
770 2483 864 2546 Silvae
884 2482 1046 2560 Candidae,
1062 2482 1239 2546 Benedicto
1259 2483 1403 2570 Nomen-

403 2592 448 2664 to,
478 2586 642 2650 Venautio
674 2587 848 2664 Praeneste,
884 2586 1040 2668 Gregorio
1073 2586 1255 2665 Portuensi,
1286 2586 1403 2652 Niceta

406 2689 526 2768 Gabiis,
542 2690 708 2754 Theodoro
728 2690 869 2768 Ortensi,
887 2690 1035 2754 Gratioso
1051 2689 1216 2769 Villitrias,
1233 2711 1291 2754 seu
1310 2711 1402 2755 vene-

403 2791 558 2856 rabilibus
586 2793 791 2878 presbyteris,
817 2792 851 2856 id
881 2800 939 2871 est,
966 2793 1093 2856 Joanne
1119 2792 1402 2878 archipresbytero,

405 2896 571 2979 Gregorio,
596 2897 769 2982 Stephano,
791 2896 871 2960 item
899 2896 1072 2980 Stephano,
1096 2896 1277 2976 Dominico,
1301 2898 1401 2962 'l'heo-

403 2998 490 3080 doro,
506 3001 688 3079 Anastasio,
705 3000 853 3084 GeorgiO,
876 2999 997 3082 Sergio,
1014 2999 1035 3062 J
1037 2999 1165 3079 ordene,
1185 2999 1306 3081 Leone,
1325 3002 1402 3066 item

403 3102 521 3183 Leone,
538 3105 703 3188 Gregorio,
721 3105 896 3189 Stephano,
914 3103 1101 3183 Eustochio,
1121 3102 1287 3186 Procopio,
1307 3112 1402 3190 atque

402 3206 619 3291 Theophanio,
634 3209 804 3292 propositis
822 3208 858 3270 in
871 3206 977 3270 medio
992 3206 1200 3271 sacrosanctis
1215 3209 1401 3291 evangeliis:

402 3311 583 3376 astantibus
604 3333 730 3396 quoque
750 3310 947 3389 diaconibus,
962 3310 1012 3374 vel
1031 3317 1149 3374 cuncto
1169 3310 1263 3389 clero,
1281 3311 1401 3395 Grego-

401 3413 468 3477 rius
484 3415 628 3478 notarius
642 3416 841 3499 regionarius
862 3421 894 3478 et
913 3414 1158 3478 nomenculator
1172 3413 1271 3478 dixit:
1295 3415 1400 3479 Dene-

402 3517 498 3580 ardus
516 3518 683 3600 religiosus
702 3518 879 3602 presbyter,
894 3518 1020 3600 legatus
1035 3517 1194 3581 Bonifacii
1209 3518 1400 3582 sanctissimi

401 3620 628 3704 archiepiscopi
649 3622 818 3705 provinciae
842 3621 1033 3699 Germaniae,
1058 3621 1198 3685 directus
1223 3621 1311 3705 apud
1335 3643 1400 3686 ves·

400 3729 489 3786 trum
515 3731 663 3788 sanctum
689 3726 912 3810 apostolatum,
935 3745 1002 3808 prae
1023 3724 1093 3788 velo
1117 3732 1176 3804 est,
1201 3731 1234 3788 et
1259 3725 1342 3808 petit
1368 3746 1400 3789 se

399 3825 536 3908 ingredi.
582 3828 671 3894 Quid
684 3829 878 3914 praecipitis‘?
909 3828 1042 3894 Dictum
1057 3834 1121 3891 est:
1146 3827 1358 3910 ingrediatur.

444 3931 590 4015 Cumque
611 3932 775 4016 ingressus
792 3933 914 4011 fuisset,
930 3931 1099 3996 Zacharias
1121 3931 1343 3995 sanctissimus
1365 3951 1400 3995 ac

399 4032 602 4099 beatissimus
616 4058 699 4119 papa
713 4043 832 4101 sauctae
847 4035 910 4100 Dei
929 4034 1093 4099 catholicae
1108 4041 1205 4118 atque
1220 4034 1399 4117 apostolicae

399 4137 489 4202 urbis
501 4140 613 4203 Romae
621 4139 719 4204 dixit:
739 4141 828 4204 Ante
837 4140 895 4204 hos
911 4139 978 4203 dies
994 4137 1131 4222 syllabas
1145 4137 1400 4202 reverendissimi

400 4246 497 4324 atque
520 4243 713 4307 sanctissimi
736 4243 844 4308 fratris
868 4241 970 4307 nostri
992 4241 1151 4306 Bonifacii
1175 4240 1401 4325 archiepiscopi

399 4343 492 4408 nobis
511 4346 659 4426 retulisti,
674 4368 732 4431 per
752 4369 831 4431 quas
853 4344 956 4424 nobis,
972 4366 1044 4428 quae
1065 4351 1247 4428 opportuna
1269 4344 1314 4408 eis
1334 4344 1399 4408 visa

400 4454 487 4526 sunt,
513 4449 675 4514 indicavit.
730 4450 817 4516 Quid
844 4470 920 4533 ergo
946 4448 1053 4513 denuo
1076 4448 1195 4511 nostris
1222 4447 1398 4513 secretariis

400 4557 434 4614 te
455 4551 581 4635 ingredi
602 4554 794 4638 postulasti?
833 4553 1022 4618 Deneardus
1044 4550 1211 4634 religiosus
1233 4551 1398 4637 presbyter
