3259 5467
578 747 670 792 norae
685 747 726 790 nr
742 747 857 792 vanus
874 747 1066 794 nncrrorurs.
1256 731 1321 796 269

638 962 698 1026 VI.
722 961 996 1026 AENIGMA'PA.

360 1147 409 1209 H1
432 1168 549 1226 versus,
572 1147 628 1231 qui
642 1147 846 1211 Bonifacium
866 1147 943 1210 satis
962 1168 1020 1231 per
1040 1169 1073 1212 se
1092 1170 1204 1214 vorum
1225 1172 1322 1217 suum

313 1257 478 1316 auctorem
499 1257 671 1329 testantur,
695 1257 807 1315 extant
829 1251 865 1313 in
887 1250 995 1315 codice
1017 1251 1105 1317 Mus.
1130 1254 1212 1319 Brit.
1237 1256 1317 1338 Reg.

315 1357 354 1416 15
378 1355 417 1417 B.
434 1354 527 1418 XIX.
549 1354 604 1418 fol.
628 1356 695 1417 204
715 1374 780 1418 rev.
825 1354 961 1418 Praefixa
982 1361 1031 1418 est
1050 1355 1217 1440 inscriptio
1234 1357 1320 1422 Inci-

313 1457 409 1538 piunt
424 1457 600 1540 Enigmata
613 1455 777 1520 Bonefatii
791 1455 931 1540 episcopi
945 1477 1018 1540 quae
1032 1457 1120 1522 misit
1135 1461 1235 1524 sonori
1244 1481 1319 1524 suae.

312 1559 384 1623 Etsi
398 1558 499 1623 codex
513 1559 575 1624 iste
590 1560 668 1624 satis
684 1558 838 1642 antiquus
852 1564 910 1637 est,
926 1558 1121 1643 imperitiam
1136 1561 1249 1625 scribae
1265 1563 1320 1646 qui

314 1682 446 1725 carmen
467 1663 609 1726 exaravit
630 1662 684 1725 vix
704 1661 798 1725 facile
821 1669 871 1725 est
894 1661 1000 1726 dicere
1029 1670 1086 1727 aut
1116 1663 1297 1748 intelligere
1307 1691 1318 1744 ;

314 1784 437 1827 errores
455 1764 595 1848 quidem,
611 1764 667 1847 qui
681 1762 801 1847 ubique
817 1762 996 1843 abundant,
1011 1771 1098 1829 certe
1112 1771 1244 1830 centum
1259 1787 1320 1851 ego

312 1867 460 1945 correxi3
498 1873 577 1949 quot
607 1866 712 1930 adhuc
742 1865 925 1948 corrigendi
952 1874 1087 1947 restent,
1118 1867 1223 1933 dicere
1251 1890 1320 1933 non

313 1968 427 2047 audeo,
447 1968 532 2052 quod
555 1990 632 2033 sane
651 1969 728 2033 satis
755 1968 989 2052 deplorandum
1008 1977 1098 2053 puto,
1113 1992 1191 2034 nam
1212 1977 1319 2036 totum

311 2092 429 2154 poema
442 2071 611 2155 elegantiis
626 2071 820 2155 quibusdam
836 2071 969 2136 omnino
983 2094 1050 2138 non
1065 2080 1161 2138 caret.

399 2472 479 2536 VII.
502 2469 612 2537 VITA
633 2472 690 2538 ΕΤ
709 2469 995 2538 ΜΑΒΤῩΒΙΠΜ
1020 2472 1053 2537 S.
1075 2473 1230 2540 LIVINI

541 2574 749 2641 EPISOOPI
769 2577 827 2640 ΕΤ
849 2575 1094 2643 MARTYRIS.

358 2761 434 2824 Hoc
465 2782 545 2844 opus
574 2761 675 2826 edidit
699 2762 861 2826 Serrarius
883 2783 1046 2828 unacum
1068 2763 1227 2832 Bonifacii
1250 2764 1316 2852 epi-

314 2862 403 2926 stolis
417 2884 449 2946 p.
465 2865 531 2927 232
545 2863 709 2948 praemissa
722 2863 784 2927 hae
799 2862 1019 2928 adnotatione.

738 3033 893 3079 sonmo,

480 3153 513 3216 S.
545 3152 704 3217 Bonifacii
733 3150 876 3237 epistolis
905 3150 1057 3236 adjungo,
1087 3172 1159 3234 quae
1188 3151 1230 3217 ab

400 3255 513 3320 eodem
543 3255 662 3339 scripta
690 3259 750 3333 est,
780 3253 879 3318 vitam
904 3275 942 3318 ac
967 3253 1165 3343 Martyrium
1195 3255 1229 3319 S.

399 3357 516 3436 Irivini,
532 3357 636 3441 quiet
656 3356 823 3421 interdum
837 3355 994 3420 Iibvinus
1014 3354 1141 3436 dieitm,
1156 3356 1232 3421 licet

401 3460 599 3543 distinguere
617 3459 765 3523 videatur
778 3459 944 3524 Amoldus
959 3459 1058 3523 Wion
1076 3459 1193 3524 citatus
1211 3481 1231 3524 a

399 3585 453 3627 me
481 3562 537 3626 lib.
569 3565 601 3627 3.
626 3565 779 3646 Mogunt.
808 3562 977 3626 notatione
1007 3564 1060 3641 48,
1090 3585 1122 3646 p.
1153 3564 1228 3628 559.

400 3667 499 3731 Hanc
518 3687 593 3730 vero
610 3665 780 3730 historiam
809 3665 1017 3729 Reverendus
1045 3672 1079 3729 et
1101 3666 1231 3749 egregia

399 3769 579 3834 eruditione
616 3775 759 3848 ornatus,
797 3767 1052 3851 Christianeeque
1087 3767 1230 3832 historiae

400 3870 639 3934 amantissimus
661 3892 698 3934 ac
720 3869 952 3934 scientissimus
969 3870 1027 3948 vir,
1044 3869 1086 3933 D.
1102 3869 1228 3933 Auber-

399 3980 453 4036 tus
491 3973 625 4047 Mirseus
661 3971 905 4056 Antverpiensis
943 3969 1136 4049 Canonious,
1168 3968 1229 4034 sub

399 4076 600 4159 superiorum
639 4075 957 4139 Francofirrtensium
993 4072 1227 4137 Nundinarum

399 4179 499 4241 finem
513 4178 593 4241 mihi
601 4178 777 4262 Antverpia
791 4177 990 4262 perbenigne
1001 4174 1224 4261 suppeditavit,

400 4302 475 4346 cum
490 4282 550 4346 hac
565 4281 784 4367 inscriptione.
