3259 5467
326 682 391 745 140
472 698 650 746 aonrrncn
666 699 930 744 naonmrrscorr
946 699 987 744 nr
1004 699 1180 745 uasrrnrs

326 848 407 912 ravit
431 848 467 912 in
497 849 595 926 eoelis,
620 847 739 910 adsunt
768 846 889 930 Angeli
918 846 987 930 ejus
1012 848 1240 930 praestolantes
1258 855 1323 914 me.

323 952 436 1016 Estote
450 951 559 1030 fortes,
575 958 608 1015 et
623 951 650 1014 si
666 951 743 1034 quid
758 950 896 1014 defuerit
911 950 1042 1030 viribus,
1057 953 1207 1036 suppleat
1222 960 1325 1017 vestra

323 1056 496 1121 crudelitas
523 1057 560 1120 in
589 1056 736 1139 passione
764 1076 847 1120 mea.
904 1055 966 1120 Isti
995 1056 1128 1121 comites
1159 1058 1225 1121 mei
1254 1080 1325 1122 oves

324 1159 445 1224 Christi
465 1166 551 1237 sunt,
572 1165 647 1242 peto
666 1159 730 1223 illis
748 1181 871 1243 pacem,
887 1159 1052 1223 neminem
1072 1182 1218 1244 unquam
1238 1161 1326 1226 laese·

323 1270 411 1342 runt,
428 1264 617 1327 innocentes
637 1270 724 1326 sunt.
768 1264 813 1327 Et
835 1262 997 1327 oscidatus
1020 1269 1069 1327 est
1091 1285 1155 1343 eos,
1172 1272 1206 1328 et
1226 1265 1324 1329 dixit:

322 1365 412 1429 Dens
441 1365 644 1449 omnipotens
675 1365 836 1429 custodiat
865 1388 930 1444 vos,
961 1366 1125 1446 carissimi,
1155 1367 1192 1430 in
1226 1368 1324 1432 vitam

322 1475 485 1532 aeternam.
523 1470 567 1533 Et
583 1468 757 1552 suspiciens
773 1468 809 1532 in
824 1468 940 1532 coelum
956 1469 1054 1533 dixit:
1077 1471 1117 1532 In
1130 1491 1242 1534 monus
1256 1477 1325 1534 tuas

289 1608 292 1613 -
321 1573 457 1636 Domine
472 1573 645 1635 commendo
661 1572 814 1653 Spiritum
834 1593 941 1651 meum,
957 1573 1116 1637 redemisti
1133 1594 1181 1637 me
1194 1575 1324 1638 Durriae

320 1675 407 1738 Deus
419 1676 572 1739 veritatis.
617 1676 749 1739 Interea
764 1675 938 1759 supradicti
958 1676 1073 1740 fratres
1087 1677 1276 1741 Walbertus
1292 1684 1322 1742 et

320 1778 463 1857 Meniao,
478 1779 619 1842 ministri
637 1778 777 1858 Diaboli,
792 1779 979 1862 irruperunt
1000 1779 1037 1842 in
1056 1801 1142 1858 eum,
1159 1787 1192 1845 et
1212 1781 1323 1844 multis

320 1882 424 1966 plagis
445 1882 594 1966 irrogatis
621 1882 662 1946 ad
687 1882 840 1945 ultimum
864 1882 1125 1967 decapitaverunt
1148 1884 1322 1949 Ductorem

320 2008 386 2050 sure
415 1986 537 2050 salutis.
590 1985 636 2049 Et
664 1985 849 2049 videntibus
879 1987 1014 2064 eunetis,
1045 1986 1153 2050 anima
1182 1987 1253 2071 ejus
1282 1986 1321 2051 ab

319 2090 456 2172 Angelis
485 2096 642 2171 suscepta,
668 2089 788 2152 meruit
813 2095 936 2152 secreta
964 2088 1117 2154 scandere
1145 2091 1220 2154 coeli
1249 2112 1321 2154 cum

319 2213 438 2274 magna
452 2191 598 2254 claritate
608 2190 747 2254 coelestis
762 2191 881 2273 gloriae.
926 2191 1044 2255 Passus
1059 2199 1107 2256 est
1123 2199 1233 2256 autem
1248 2193 1321 2258 bea-

318 2295 463 2359 tissimus
477 2295 628 2358 Pontifex
642 2301 676 2358 et
691 2295 820 2378 Martyr
835 2294 956 2358 Christi
971 2294 1105 2359 Livinus
1123 2295 1228 2379 pridie
1243 2296 1319 2360 Idus

318 2397 511 2462 Novembris
532 2405 691 2480 regnante
713 2398 855 2462 Domino
876 2404 987 2462 nostro
1008 2399 1029 2461 J
1030 2420 1087 2462 esu
1109 2400 1250 2479 Christe,
1266 2400 1319 2484 qui

317 2503 383 2563 vult
398 2522 500 2564 omnes
513 2503 651 2564 homines
664 2504 767 2564 salvos
780 2500 866 2583 fieri,
882 2509 915 2565 et
930 2502 971 2565 ad
989 2502 1188 2585 agnitionem
1206 2506 1318 2568 verita-

317 2605 360 2667 tis
375 2604 493 2682 venire,
509 2604 652 2687 quicum
668 2607 739 2669 Deo
754 2606 852 2669 Patre
872 2611 905 2668 et
928 2603 1050 2689 Spiritu
1067 2613 1179 2671 sancto
1193 2607 1273 2672 vivit
1286 2615 1317 2674 et

316 2716 431 2792 regnat
445 2730 502 2793 per
517 2709 626 2772 omnia
639 2710 755 2773 saecula
768 2710 968 2774 saecrdorum.

361 2813 599 2896 Cognoscentes
619 2818 728 2876 autem
747 2814 808 2877 hoc
825 2812 948 2877 factum
969 2813 1113 2878 illustres
1132 2814 1194 2878 viri
1212 2823 1247 2880 et
1261 2816 1316 2880 foe-

316 2915 423 2993 minae,
440 2915 495 2998 qui
508 2937 565 2999 per
582 2916 651 2999 ejus
667 2916 848 2980 doctrinam
868 2916 1043 2981 illuminati
1058 2924 1144 2996 sunt,
1160 2927 1317 2983 venerunt
1347 2961 1349 2965 ,

317 3027 483 3104 gementes
505 3027 537 3084 et
556 3019 717 3103 plorantes
738 3020 779 3083 ad
798 3019 932 3084 beatum
955 3042 1078 3104 corpus.
1124 3021 1220 3085 Inter
1240 3043 1318 3105 quos

317 3129 386 3184 erat
411 3121 564 3204 praedicta
589 3129 739 3185 matrona
767 3121 981 3204 Erapahildis,
1008 3144 1078 3206 quae
1102 3123 1317 3188 venerabilem

314 3224 419 3287 virum
433 3225 468 3288 in
482 3224 659 3308 hospitium
679 3223 829 3304 habebat,
846 3231 879 3288 et
899 3225 964 3288 suis
986 3225 1099 3309 opibus
1114 3224 1316 3291 devotissime

315 3327 513 3406 confovebat,
543 3327 649 3390 ferens
683 3348 819 3410 puerum
853 3349 963 3391 secum
995 3329 1032 3391 in
1060 3316 1211 3393 manibus
1242 3330 1314 3407 suis,

316 3451 412 3512 quem
426 3437 556 3494 sanctus
571 3429 701 3514 Martyr
715 3429 850 3494 Livinus
869 3430 1052 3513 nuperrime
1068 3430 1108 3494 de
1123 3452 1213 3496 sacro
1228 3432 1319 3496 fonte

314 3531 439 3609 levavit,
462 3532 631 3616 imponens
661 3533 691 3597 ei
720 3554 841 3597 nomen
871 3533 999 3598 Brieius
1028 3533 1135 3598 adhuc
1164 3534 1200 3598 in
1225 3535 1313 3600 albis.

317 3633 398 3698 Quae
413 3641 489 3699 ante
509 3635 586 3698 alios
606 3657 718 3699 omnes
738 3636 844 3720 erupit
863 3635 899 3699 in
919 3636 1181 3722 lachrymabilem
1196 3660 1313 3718 vocem,

315 3738 454 3802 Beatum
475 3738 580 3802 virum
601 3739 854 3804 illuminatorem
876 3740 987 3823 patriae
1008 3740 1219 3805 innocentem
1238 3765 1312 3822 esse,

315 3848 348 3905 et
369 3841 490 3926 injuste
511 3850 581 3906 tam
603 3843 766 3907 crudelem
791 3851 930 3907 mortem
952 3843 1028 3928 pati.
1073 3843 1167 3908 'liure
1189 3846 1314 3910 satelles

316 3946 445 4010 Satanae
462 3945 648 4010 Walbertus
670 3946 889 4011 inflammatus
908 3969 928 4010 a
946 3946 1093 4025 Diabolo,
1114 3947 1261 4019 insiliens
1279 3949 1314 4012 in

314 4070 386 4114 eam
405 4049 583 4134 bipennula
600 4048 659 4114 sua
676 4057 773 4132 caput
788 4050 861 4136 *ejus
881 4072 938 4134 per
956 4049 1098 4115 medium
1119 4051 1224 4130 scidit,
1244 4073 1312 4135 quae

314 4153 424 4216 statim
453 4153 617 4236 expiravit,
647 4152 847 4216 infantvdum
880 4159 991 4218 autem
1023 4177 1080 4238 per
1109 4163 1176 4221 tres
1207 4167 1313 4243 partes

314 4257 425 4335 secuit,
452 4279 531 4340 quas
557 4257 652 4340 juxta
677 4277 791 4339 corpus
817 4256 904 4321 beati
929 4259 1079 4342 martyris
1110 4259 1218 4324 Livini
1242 4284 1311 4348 pro·

310 4359 399 4443 jecit.
440 4360 626 4424 Certissime
648 4360 736 4424 enim
758 4360 910 4439 ereditur,
933 4382 988 4425 eos
1011 4361 1145 4445 gloriam
1168 4365 1313 4449 martyrii

313 4462 430 4527 habere
445 4463 480 4526 in
495 4471 580 4527 sorte
600 4462 775 4526 venerandi
795 4464 961 4528 Pontifieis
977 4471 1010 4529 et
1025 4466 1176 4551 martyris
1196 4468 1309 4533 Livini.
