3259 5467
694 701 738 743 ss
755 701 941 746 suscense.
1002 705 1004 708 ⁴
1253 685 1318 749 289

361 842 555 910 “Posthac
568 890 578 909 .
595 848 628 911 ..
644 866 712 911 non
726 847 838 912 multis
852 847 1024 912 transactis
1044 864 1203 911 annorum
1217 848 1318 914 curri·

315 945 397 1009 culis
411 945 548 1030 contigit
562 949 602 1012 Β.
617 948 784 1014 Boniiacio
803 950 910 1014 relatu
925 947 1072 1014 didicisse
1085 950 1122 1014 8.
1138 947 1319 1016 Willihror'·

316 1048 396 1112 dum
410 1070 450 1114 ex
467 1049 529 1115 hac
547 1052 806 1136 peregrinatione
827 1053 868 1118 ad
889 1053 1052 1118 coelestem
1064 1049 1208 1137 'patriam
1226 1052 1319 1118 obitu

316 1150 403 1215 felici
425 1152 591 1236 migrasse.
637 1156 719 1221 Mox
743 1163 782 1220 ut
808 1156 878 1221 haec
901 1153 1033 1235 audiuit,
1058 1157 1119 1240 pro
1144 1156 1231 1220 tanti
1259 1155 1320 1221 viri

316 1260 421 1318 morte
451 1256 594 1338 graviter.
620 1256 791 1341 ingemuit.
851 1259 944 1322 Inter
980 1258 1167 1342 graussima
1201 1258 1320 1324 doloris

316 1356 682 1444 lamentaprofimdique
690 1361 831 1444 gemitus
840 1361 985 1446 suspiria,
995 1359 1319 1441 obviavitillimente,

317 1460 510 1541 quantocius
534 1462 695 1546 synodum
718 1463 898 1528 coadunare
921 1463 1062 1529 deberet.
1107 1461 1181 1529 Nee
1207 1484 1319 1542 mora3

316 1563 582 1630 convenientibus
595 1565 632 1629 in
645 1587 750 1630 unum
764 1565 929 1650 episcopis,
941 1566 1093 1650 omnique
1107 1566 1205 1632 choro
1220 1568 1319 1633 eccle·

317 1665 437 1729 siastici
451 1667 582 1747 ordinis,
597 1689 673 1733 cum
691 1690 852 1734 comemn
865 1670 995 1733 illorum
1010 1667 1167 1748 omnium,
1188 1677 1221 1734 et
1244 1691 1320 1735 cum

318 1768 448 1834 decreto
479 1770 609 1854 Pippini
629 1772 714 1856 regis
747 1771 816 1856 (qui
844 1770 926 1838 tunc
955 1769 1192 1837 Carolomanno
1220 1772 1320 1836 fratre

318 1869 471 1934 defirncto
482 1891 538 1934 rex
549 1870 682 1935 effectus
691 1873 751 1954 est)
763 1871 828 1935 Lnl
838 1871 1053 1937 venerabilem
1061 1871 1165 1935 virum
1176 1871 1320 1955 Mogon-

318 1972 374 2036 tiae
389 1972 472 2037 sedis
486 1973 549 2038 sibi
563 1974 661 2057 elegit
676 1995 901 2040 successorem.
943 1975 1125 2039 Sturmium
1139 1995 1211 2040 vcro
1225 1995 1320 2039 vene·

317 2075 453 2139 rabilem
473 2076 511 2140 in
527 2077 673 2142 coenobio
695 2076 850 2142 liddensi
866 2077 1035 2142 constituit
1056 2077 1218 2156 abbatem,
1240 2098 1320 2160 prae·

318 2176 440 2261 cipiens
458 2177 507 2242 illi
531 2201 642 2243 curam
662 2185 771 2262 gerere
791 2180 898 2262 gregis
920 2179 1091 2245 commissi.
1136 2178 1322 2243 Willibaldo

321 2280 451 2363 quidem
466 2283 633 2364 pastoralis
649 2283 744 2346 officii
757 2282 904 2366 regimen
916 2281 954 2346 in
972 2281 1043 2346 loco
1053 2280 1220 2366 Heystede
1235 2301 1321 2345 com·

319 2379 493 2459 mendavit,
509 2386 542 2444 et
556 2380 746 2446 Burchardo
764 2380 911 2464 ejusdem
929 2380 1068 2445 civitatis
1087 2380 1272 2463 parochiam
1286 2380 1320 2444 in

322 2482 532 2547 Wirccburch
546 2482 714 2567 delegavit.
759 2484 968 2567 Wigbcrtum
990 2504 1117 2567 quoque
1135 2483 1173 2550 in
1193 2501 1321 2548 monas·

318 2586 411 2664 terio,
436 2586 524 2670 quod
547 2592 755 2670 nuncupatur
780 2586 963 2666 Hersfelda,
987 2586 1125 2651 hamum
1150 2586 1322 2652 constituit

319 2688 579 2770 gubernatorem.
624 2687 707 2754 Haec
723 2709 851 2772 quoque
865 2690 905 2754 B.
922 2688 1119 2769 Bonifatius,
1134 2695 1321 2774 martyrque

318 2792 459 2870 mcum,
482 2798 521 2855 ut
546 2790 673 2875 sapiens
702 2791 898 2856 architectus
926 2797 1047 2856 cuncta
1077 2793 1252 2877 disposuit;
1289 2801 1323 2858 et

319 2893 474 2958 adhibitis
496 2893 558 2958 sibi
584 2894 759 2977 ehqnantis
781 2894 937 2959 iratribus
962 2895 1071 2958 navim
1092 2895 1321 2974 conscendens,

319 2995 503 3079 'lhajectum
516 3017 620 3080 usque
634 2995 791 3079 pervenit.

363 3098 442 3162 Vita
462 3099 560 3163 tertia
580 3099 793 3164 Boniiaciana
814 3097 901 3183 apud
916 3097 1162 3162 Henschenium
1183 3097 1220 3161 in
1242 3099 1322 3164 actis

321 3208 517 3281 sanctorum,
532 3201 575 3266 ad
589 3202 675 3266 diem
688 3203 731 3266 V.
747 3202 841 3266 Iunii
854 3226 886 3288 p.
901 3201 999 3266 482.”
1015 3200 1070 3264 W.

361 3304 423 3387 Ep.
446 3307 500 3384 94,
517 3309 538 3340 “
545 3304 692 3389 Epistola
708 3306 740 3369 S.
754 3304 914 3369 Bonifatii
933 3301 1174 3387 Archiepiscopi
1194 3302 1236 3367 ad
1252 3303 1323 3368 Ste-

322 3408 468 3490 phanum
482 3408 533 3473 II.
547 3409 680 3492 Papam,
695 3430 760 3492 qua
778 3408 1016 3492 'lhajectensem
1037 3405 1201 3471 ecclesiam
1220 3428 1240 3470 a
1257 3406 1323 3471 Da.

321 3510 456 3593 goberto
481 3512 510 3575 Ι.
541 3511 727 3576 Coloniensi
747 3511 895 3596 episcopo
917 3511 1080 3591 donatam,
1106 3509 1188 3594 petit
1210 3510 1323 3574 imme·

319 3614 405 3678 diate
423 3613 537 3696 subjici
552 3614 700 3678 &mano
713 3615 868 3696 pontifici.
913 3614 1014 3679 Deest
1035 3614 1166 3679 initium
1181 3613 1324 3699 epistolas

319 3718 417 3800 hujus
436 3717 576 3781 XCVII.
597 3715 684 3780 inter
708 3716 935 3781 Bonifacianas
956 3739 977 3782 a
998 3718 1124 3782 Serario
1145 3717 1257 3794 editas,
1275 3715 1325 3781 uti

319 3827 353 3884 et
381 3819 465 3883 finis.
527 3820 582 3883 Sic
598 3819 712 3902 incipit
734 3819 868 3902 epistola
886 3820 923 3884 in
942 3821 1050 3886 codice
1072 3820 1247 3902 Magont.’'
1267 3818 1322 3882 W.

319 3946 350 4007 p.
373 3922 485 4001 208,1.
502 3925 543 3985 13
559 3921 759 3987 Coloniensis
772 3921 966 4008 Episcopus]
984 3928 1004 3960 “
1017 3920 1225 4003 Hildegarius
1240 3920 1324 3985 sedit

319 4028 355 4091 in
384 4027 537 4092 cathedra
566 4025 750 4090 Coloniensi
779 4025 820 4090 ab
851 4047 904 4090 an.
934 4025 1061 4089 DCCIs.
1091 4024 1132 4087 ad
1165 4022 1323 4088 DCCIII.

320 4151 383 4214 quo
405 4150 491 4194 anno
508 4129 544 4192 in
562 4128 764 4211 expeditione
784 4126 915 4213 Pippini
935 4135 1049 4192 contra
1065 4126 1206 4190 Saxones
1223 4125 1322 4191 inter·

320 4240 448 4315 emptus
462 4231 556 4296 suita
572 4231 753 4296 Saxonibus
764 4231 853 4296 haud
866 4231 978 4316 procul
990 4228 1132 4311 Visurgi.
1177 4228 1322 4294 Annales

320 4335 547 4400 Newenariani
558 4340 591 4398 et
602 4333 798 4400 Pithoeani.”
811 4336 854 4398 W
866 4361 892 4392 =
904 4356 937 4418 p.
946 4335 1021 4410 208,
1030 4333 1052 4397 l.
1062 4334 1107 4397 20
1117 4330 1319 4416 Dagoberto]

321 4444 340 4474 “
351 4440 420 4503 Rex
435 4438 639 4521 Dagobertus
654 4438 683 4502 Ι.
699 4438 784 4502 circa
804 4458 929 4501 annum
943 4433 1128 4501 DCXXXI.
1143 4434 1270 4499 videtur
1288 4434 1322 4499 S.

321 4540 498 4606 Cuniberto
533 4540 667 4605 donasse
700 4540 883 4622 'lhajectnm
913 4544 1054 4604 castrum
1084 4538 1125 4604 sd
1160 4538 1322 4603 Rhenum.
