3259 5467
390 718 454 781 180
755 735 836 780 vira
854 729 1052 781 nourrrcrr·

387 882 438 947 vel
460 881 559 947 etiarn
580 880 724 966 ejusdem
745 881 835 946 urbis
857 883 979 946 civibus
1002 889 1035 947 et
1059 881 1177 947 doloris
1200 877 1390 948 incubuerat

386 985 550 1064 moestitia,
571 991 604 1049 ct
622 984 732 1068 gaudii
749 984 946 1049 exuberabat
965 985 1097 1050 laetitia:
1120 993 1159 1049 ut
1185 986 1283 1050 etiarn
1310 987 1391 1051 tanti

386 1095 553 1172 perspecta
568 1087 734 1151 Pontificis
748 1086 1075 1170 temporanea'morte
1090 1089 1240 1172 corporis,
1253 1096 1287 1153 et
1300 1091 1390 1152 amis-

386 1213 459 1253 sum
474 1190 646 1256 carnaliter
664 1190 819 1268 dolerent,
836 1198 869 1254 et
884 1191 1030 1254 futurum
1046 1190 1107 1254 sibi
1122 1192 1253 1274 suisque
1270 1192 1308 1255 in
1322 1213 1389 1275 pos·

387 1300 494 1356 terum
508 1293 738 1376 perpetualiter
751 1302 925 1376 patronum
940 1294 1117 1358 crederent.

431 1396 634 1480 Quapropter
650 1396 785 1479 geminis
796 1396 847 1460 his
863 1397 965 1460 causis
978 1395 1189 1461 existentibus
1205 1397 1391 1480 compuncti

382 1499 535 1565 cordibus
550 1521 624 1564 cum
639 1500 840 1584 Presbyteris
856 1506 889 1564 et
904 1500 1113 1580 Diaconibus,
1124 1499 1279 1582 omnique
1290 1500 1390 1583 gradu

382 1602 619 1682 Ecclesiastico,
648 1602 689 1667 ad
723 1624 799 1666 eum
829 1623 926 1686 quem
956 1603 1065 1667 vivens
1094 1602 1388 1687 praedestinaverat,

381 1705 492 1769 locum
510 1705 742 1789 perduxerunt,
758 1713 791 1770 et
812 1727 896 1771 novo
910 1705 946 1769 in
960 1706 1105 1770 Ecclesia
1123 1706 1272 1770 confecto
1287 1728 1389 1771 sarco-

384 1809 469 1893 fago,
485 1830 525 1873 ex
541 1830 631 1873 more
650 1809 840 1892 sepelientes
862 1814 1060 1892 posuerunt:
1084 1808 1300 1893 omnibusque
1319 1831 1388 1893 per-

383 1911 463 1975 actis
492 1911 668 1988 redierunt,
693 1917 726 1974 et
748 1910 825 1974 fidei
847 1910 961 1975 robore
990 1910 1172 1990 confortati,
1198 1910 1240 1974 ad
1262 1911 1389 1995 propria

384 2020 608 2098 pervenerunt.
656 2013 721 2077 Sed
742 2013 779 2077 in
800 2014 881 2091 loco,
902 2013 961 2077 ubi
990 2019 1138 2078 sanctum
1169 2012 1388 2097 deposuerunt

258 2176 264 2186 .
383 2137 508 2200 corpus,
524 2116 632 2181 divina
646 2116 796 2201 deinceps
810 2116 967 2181 beneficia
980 2116 1216 2196 redundabant,
1233 2123 1269 2181 et
1283 2117 1386 2182 sancti

383 2220 443 2283 viri
464 2219 621 2302 precibus,
636 2219 671 2282 hi
694 2219 748 2303 qui
771 2219 812 2283 ad
832 2220 972 2283 eundem
990 2218 1121 2284 diversis
1143 2218 1387 2284 infirmitatibus

382 2323 534 2406 oppressi,
543 2322 735 2405 perveniunt
745 2321 862 2401 locum,
873 2322 1000 2387 salubre
1011 2328 1080 2387 tam
1095 2343 1278 2406 corporum,
1291 2344 1386 2407 quam

383 2426 482 2490 ctiam
506 2425 667 2489 mentium
694 2425 883 2490 remedium*
903 2426 1165 2509 consequuntur:
1191 2426 1240 2489 ita
1270 2432 1309 2489 ut
1335 2425 1386 2488 alii

380 2529 452 2612 jam>
474 2533 544 2594 toto
573 2548 704 2610 corpore
725 2529 922 2612 praemortui,
942 2550 1099 2613 paenequc
1119 2549 1178 2612 per
1199 2529 1311 2593 omnia
1333 2550 1384 2593 ex·

382 2630 515 2709 animes,
545 2629 698 2693 ultimum
726 2637 838 2694 tamen
860 2631 992 2695 interim
1015 2631 1202 2696 exhalantes
1225 2631 1384 2716 spiritum,

381 2733 526 2816 pristinae
554 2732 673 2797 redditi
701 2739 778 2797 sunt
807 2734 948 2798 sanitati.
1008 2734 1075 2797 Alii
1103 2755 1178 2799 vero
1207 2733 1386 2798 luminibus

381 2835 526 2901 oaeoitate
554 2835 671 2919 pressis
697 2857 793 2900 suum
815 2836 976 2920 recipiunt
1001 2837 1116 2900 visum.
1160 2836 1228 2900 Alii
1255 2837 1384 2921 quidem

381 2938 503 3004 diaboli
516 2939 639 3022 laqueis
654 2939 787 3018 astricti,
803 2941 902 3004 etiam
921 2945 1031 3004 mente
1047 2947 1124 3004 sunt
1139 2939 1236 3024 capti,
1253 2947 1287 3005 et
1300 2940 1384 3006 insa-

380 3043 508 3108 nientes
532 3043 632 3108 animi
660 3043 867 3126 postmodum
896 3043 1043 3107 detinent
1072 3043 1314 3127 integritatem:
1352 3051 1384 3108 et

379 3148 524 3232 pristinae
539 3147 640 3211 dediti
655 3147 760 3225 saluti,
776 3147 946 3210 laudantes
961 3145 1183 3228 glorificabant
1198 3147 1318 3226 Deum,
1330 3146 1384 3231 qui

379 3273 476 3331 strum
505 3251 658 3334 dignatus
687 3255 736 3313 est
766 3270 892 3313 servum
920 3255 1013 3313 tanto
1037 3269 1172 3313 munere
1195 3248 1383 3314 decoratum

380 3354 483 3420 ditare
498 3360 531 3418 ct
548 3353 706 3418 honorare
721 3358 754 3417 et
768 3351 980 3435 praesentibus
999 3372 1037 3416 ac
1054 3351 1176 3416 futuris
1192 3351 1382 3417 saeoissornm

377 3455 587 3539 temporibus,
602 3454 817 3538 patefactione
840 3474 971 3518 corusca
991 3452 1221 3518 'miraculorum
1243 3454 1381 3532 ostensa,

379 3559 622 3642 quadragesimo
641 3558 908 3641 peregrinationis
928 3559 997 3642 ejus
1012 3558 1266 3622 annormvoluto
1286 3559 1380 3642 glori-

378 3663 494 3725 ficare:
518 3661 573 3743 qui
587 3666 621 3725 et
635 3661 865 3725 incarnationis
880 3661 1014 3726 Domini
1030 3659 1338 3744 septingentesimus
1349 3664 1381 3725 et

377 3763 661 3848 quinquagesimus
680 3764 813 3847 quintus
836 3766 951 3843 annus,
970 3785 1047 3828 oum
1070 3762 1250 3828 indictione
1269 3771 1381 3829 octava

375 3873 590 3951 computatur.
649 3867 740 3931 Sedit
769 3872 879 3932 autem
897 3867 944 3943 'in
973 3867 1172 3950 Episcopatu
1200 3888 1305 3931 annos
1334 3867 1378 3930 36

375 3977 514 4037 menses
528 3991 593 4049 sex,
617 3976 650 4035 et
676 3970 744 4035 dies
767 3991 831 4049 sex,
855 3977 888 4035 et
910 3971 956 4034 sic
977 3969 1091 4060 ordine
1109 3969 1309 4054 supradicto,
1328 3969 1379 4033 dic

374 4095 535 4139 nonarum
550 4075 572 4138 J
572 4073 652 4153 unii,
668 4073 814 4158 martyrii
828 4072 994 4157 triumpho
1008 4078 1245 4152 remuneratus,
1261 4073 1377 4156 migra·

374 4179 420 4243 vit
434 4178 475 4241 ad
490 4177 679 4257 Dominum,
689 4177 742 4267 cui
756 4183 806 4241 est
817 4178 920 4242 honor
935 4183 968 4241 et
984 4176 1086 4260 gloria
1099 4176 1135 4240 in
1150 4175 1267 4241 saecula
1279 4197 1376 4241 sacu-

375 4283 491 4360 lorum,
508 4283 624 4347 Amen.
1234 4303 1236 4308 ·
