<?xml version="1.0" encoding="UTF-8"?>
<!DOCTYPE html PUBLIC "-//W3C//DTD XHTML 1.0 Transitional//EN"
    "http://www.w3.org/TR/xhtml1/DTD/xhtml1-transitional.dtd">
<html xmlns="http://www.w3.org/1999/xhtml" xml:lang="en" lang="en">
 <head>
  <title>
</title>
<meta http-equiv="Content-Type" content="text/html;charset=utf-8" />
  <meta name='ocr-system' content='tesseract 3.04.00' />
  <meta name='ocr-capabilities' content='ocr_page ocr_carea ocr_par ocr_line ocrx_word'/>
</head>
<body>
  <div class='ocr_page' id='page_1' title='image "./operaquaeextant00bonigoog_0254.png"; bbox 0 0 3259 5467; ppageno 0'>
   <div class='ocr_carea' id='block_1_1' title="bbox 744 657 1338 722">
    <p class='ocr_par' dir='ltr' id='par_1_1' title="bbox 744 657 1338 722">
     <span class='ocr_line' id='line_1_1' title="bbox 744 657 1338 722; baseline 0.01 -6"><span class='ocrx_word' id='word_1_1' title='bbox 744 672 782 715; x_wconf 81' lang='grc' dir='ltr'><strong>ιιι</strong></span> <span class='ocrx_word' id='word_1_2' title='bbox 797 672 979 718; x_wconf 78' lang='lat' dir='ltr'><strong>cuuolnns.</strong></span> <span class='ocrx_word' id='word_1_3' title='bbox 1066 697 1071 709; x_wconf 45' lang='grc' dir='ltr'>ι</span> <span class='ocrx_word' id='word_1_4' title='bbox 1272 657 1338 722; x_wconf 78' lang='lat'><strong>24⁷</strong></span> 
     </span>
    </p>
   </div>
   <div class='ocr_carea' id='block_1_2' title="bbox 282 809 1369 4604">
    <p class='ocr_par' dir='ltr' id='par_1_2' title="bbox 317 809 1334 2938">
     <span class='ocr_line' id='line_1_2' title="bbox 333 809 1332 896; baseline 0.006 -20"><span class='ocrx_word' id='word_1_5' title='bbox 333 812 422 877; x_wconf 83' lang='lat' dir='ltr'><strong>dieta</strong></span> <span class='ocrx_word' id='word_1_6' title='bbox 452 831 569 895; x_wconf 81' lang='lat' dir='ltr'><strong>regum</strong></span> <span class='ocrx_word' id='word_1_7' title='bbox 601 809 800 876; x_wconf 76' lang='lat' dir='ltr'><strong>anoorum</strong></span> <span class='ocrx_word' id='word_1_8' title='bbox 828 818 960 896; x_wconf 82' lang='lat' dir='ltr'><strong>propter</strong></span> <span class='ocrx_word' id='word_1_9' title='bbox 987 813 1210 880; x_wconf 77' lang='lat' dir='ltr'><strong>autumnalem</strong></span> <span class='ocrx_word' id='word_1_10' title='bbox 1237 837 1332 883; x_wconf 83' lang='lat' dir='ltr'><strong>vena·</strong></span> 
     </span>
     <span class='ocr_line' id='line_1_3' title="bbox 327 913 1334 1003; baseline 0.003 -22"><span class='ocrx_word' id='word_1_11' title='bbox 327 915 456 982; x_wconf 83' lang='lat' dir='ltr'><strong>tionem</strong></span> <span class='ocrx_word' id='word_1_12' title='bbox 478 913 631 979; x_wconf 84' lang='lat' dir='ltr'>delicium</span> <span class='ocrx_word' id='word_1_13' title='bbox 650 920 685 979; x_wconf 90' lang='lat' dir='ltr'><strong>et</strong></span> <span class='ocrx_word' id='word_1_14' title='bbox 706 913 991 980; x_wconf 73' lang='lat' dir='ltr'><strong>oblectamentum.</strong></span> <span class='ocrx_word' id='word_1_15' title='bbox 1035 915 1102 983; x_wconf 76' lang='lat' dir='ltr'><strong>Qui</strong></span> <span class='ocrx_word' id='word_1_16' title='bbox 1122 915 1334 1003; x_wconf 76' lang='lat' dir='ltr'><strong>Saubmgun</strong></span> 
     </span>
     <span class='ocr_line' id='line_1_4' title="bbox 330 1017 1334 1106; baseline 0.006 -24"><span class='ocrx_word' id='word_1_17' title='bbox 330 1017 393 1084; x_wconf 92' lang='lat' dir='ltr'><strong>hoe</strong></span> <span class='ocrx_word' id='word_1_18' title='bbox 421 1018 458 1081; x_wconf 91' lang='lat' dir='ltr'><strong>in</strong></span> <span class='ocrx_word' id='word_1_19' title='bbox 488 1017 648 1102; x_wconf 80' lang='lat' dir='ltr'><strong>salburgo</strong></span> <span class='ocrx_word' id='word_1_20' title='bbox 672 1017 715 1081; x_wconf 87' lang='lat' dir='ltr'><strong>ud</strong></span> <span class='ocrx_word' id='word_1_21' title='bbox 737 1018 972 1102; x_wconf 77' lang='lat' dir='ltr'><strong>Thuringieum</strong></span> <span class='ocrx_word' id='word_1_22' title='bbox 996 1019 1105 1085; x_wconf 85' lang='lat' dir='ltr'><strong>Salam</strong></span> <span class='ocrx_word' id='word_1_23' title='bbox 1127 1018 1187 1086; x_wconf 91' lang='lat' dir='ltr'><strong>sub</strong></span> <span class='ocrx_word' id='word_1_24' title='bbox 1215 1021 1334 1106; x_wconf 90' lang='lat' dir='ltr'><strong>oppido</strong></span> 
     </span>
     <span class='ocr_line' id='line_1_5' title="bbox 333 1120 1331 1208; baseline 0.007 -23"><span class='ocrx_word' id='word_1_25' title='bbox 333 1121 417 1186; x_wconf 84' lang='lat' dir='ltr'><strong>Hoff</strong></span> <span class='ocrx_word' id='word_1_26' title='bbox 435 1120 498 1186; x_wconf 88' lang='lat' dir='ltr'><strong>sito</strong></span> <span class='ocrx_word' id='word_1_27' title='bbox 520 1127 578 1185; x_wconf 91' lang='lat' dir='ltr'><strong>aut</strong></span> <span class='ocrx_word' id='word_1_28' title='bbox 598 1120 675 1186; x_wconf 85' lang='lat' dir='ltr'><strong>ulibi</strong></span> <span class='ocrx_word' id='word_1_29' title='bbox 694 1127 855 1205; x_wconf 80' lang='lat' dir='ltr'><strong>quaerunt,</strong></span> <span class='ocrx_word' id='word_1_30' title='bbox 877 1122 989 1186; x_wconf 90' lang='lat' dir='ltr'><strong>multis</strong></span> <span class='ocrx_word' id='word_1_31' title='bbox 1010 1123 1197 1208; x_wconf 72' lang='lat' dir='ltr'>parasangis</span> <span class='ocrx_word' id='word_1_32' title='bbox 1215 1145 1236 1191; x_wconf 88' lang='lat' dir='ltr'><strong>a</strong></span> <span class='ocrx_word' id='word_1_33' title='bbox 1255 1146 1331 1192; x_wconf 81' lang='lat' dir='ltr'><strong>vero</strong></span> 
     </span>
     <span class='ocr_line' id='line_1_6' title="bbox 331 1223 1334 1309; baseline 0.005 -21"><span class='ocrx_word' id='word_1_34' title='bbox 331 1223 493 1289; x_wconf 86' lang='lat' dir='ltr'><strong>aberrant.</strong></span> <span class='ocrx_word' id='word_1_35' title='bbox 537 1225 588 1288; x_wconf 79' lang='lat' dir='ltr'><strong>Ea</strong></span> <span class='ocrx_word' id='word_1_36' title='bbox 611 1223 700 1288; x_wconf 91' lang='lat' dir='ltr'><strong>enim</strong></span> <span class='ocrx_word' id='word_1_37' title='bbox 727 1224 818 1307; x_wconf 85' lang='lat' dir='ltr'><strong>regio</strong></span> <span class='ocrx_word' id='word_1_38' title='bbox 847 1224 1045 1309; x_wconf 86' lang='lat' dir='ltr'><strong>temporibus</strong></span> <span class='ocrx_word' id='word_1_39' title='bbox 1069 1225 1177 1292; x_wconf 82' lang='lat' dir='ltr'><strong>Caroli</strong></span> <span class='ocrx_word' id='word_1_40' title='bbox 1199 1226 1291 1294; x_wconf 83' lang='lat' dir='ltr'><strong>dueis</strong></span> <span class='ocrx_word' id='word_1_41' title='bbox 1312 1251 1334 1294; x_wconf 81' lang='lat' dir='ltr'><strong>s</strong></span> 
     </span>
     <span class='ocr_line' id='line_1_7' title="bbox 332 1325 1332 1411; baseline 0.008 -21"><span class='ocrx_word' id='word_1_42' title='bbox 332 1326 435 1390; x_wconf 84' lang='lat' dir='ltr'><strong>Slavis</strong></span> <span class='ocrx_word' id='word_1_43' title='bbox 452 1325 581 1391; x_wconf 81' lang='lat' dir='ltr'><strong>Sorobis</strong></span> <span class='ocrx_word' id='word_1_44' title='bbox 595 1326 848 1405; x_wconf 79' lang='lat' dir='ltr'><strong>inhabitabatur,</strong></span> <span class='ocrx_word' id='word_1_45' title='bbox 865 1328 921 1411; x_wconf 91' lang='lat' dir='ltr'><strong>qui</strong></span> <span class='ocrx_word' id='word_1_46' title='bbox 938 1327 999 1393; x_wconf 90' lang='lat' dir='ltr'><strong>sub</strong></span> <span class='ocrx_word' id='word_1_47' title='bbox 1015 1328 1180 1395; x_wconf 81' lang='lat' dir='ltr'><strong>Sunoniois</strong></span> <span class='ocrx_word' id='word_1_48' title='bbox 1199 1329 1332 1398; x_wconf 87' lang='lat' dir='ltr'><strong>demum</strong></span> 
     </span>
     <span class='ocr_line' id='line_1_8' title="bbox 328 1428 1332 1513; baseline 0.007 -20"><span class='ocrx_word' id='word_1_49' title='bbox 328 1428 576 1513; x_wconf 79' lang='lat' dir='ltr'><strong>imperatoribus</strong></span> <span class='ocrx_word' id='word_1_50' title='bbox 602 1429 717 1494; x_wconf 88' lang='lat' dir='ltr'><strong>domiti</strong></span> <span class='ocrx_word' id='word_1_51' title='bbox 739 1435 773 1494; x_wconf 91' lang='lat' dir='ltr'><strong>et</strong></span> <span class='ocrx_word' id='word_1_52' title='bbox 797 1450 899 1513; x_wconf 83' lang='lat' dir='ltr'><strong>regno</strong></span> <span class='ocrx_word' id='word_1_53' title='bbox 922 1430 1106 1497; x_wconf 72' lang='lat' dir='ltr'><strong>Germaniae</strong></span> <span class='ocrx_word' id='word_1_54' title='bbox 1132 1433 1270 1499; x_wconf 85' lang='lat' dir='ltr'><strong>firmiter</strong></span> <span class='ocrx_word' id='word_1_55' title='bbox 1297 1441 1332 1500; x_wconf 92' lang='lat' dir='ltr'><strong>et</strong></span> 
     </span>
     <span class='ocr_line' id='line_1_9' title="bbox 327 1530 1331 1621; baseline 0.007 -25"><span class='ocrx_word' id='word_1_56' title='bbox 327 1538 516 1596; x_wconf 87' lang='lat' dir='ltr'><strong>eonstanter</strong></span> <span class='ocrx_word' id='word_1_57' title='bbox 534 1530 686 1597; x_wconf 74' lang='lat' dir='ltr'><strong>submissi</strong></span> <span class='ocrx_word' id='word_1_58' title='bbox 698 1538 792 1596; x_wconf 85' lang='lat' dir='ltr'><strong>sunt.</strong></span> <span class='ocrx_word' id='word_1_59' title='bbox 836 1533 937 1598; x_wconf 88' lang='lat' dir='ltr'><strong>Nune</strong></span> <span class='ocrx_word' id='word_1_60' title='bbox 951 1539 1058 1613; x_wconf 80' lang='lat' dir='ltr'><strong>antee,</strong></span> <span class='ocrx_word' id='word_1_61' title='bbox 1071 1535 1147 1601; x_wconf 87' lang='lat' dir='ltr'><strong>lieet</strong></span> <span class='ocrx_word' id='word_1_62' title='bbox 1162 1536 1331 1621; x_wconf 77' lang='lat' dir='ltr'><strong>aliquoties</strong></span> 
     </span>
     <span class='ocr_line' id='line_1_10' title="bbox 327 1634 1330 1720; baseline 0.009 -22"><span class='ocrx_word' id='word_1_63' title='bbox 327 1634 464 1714; x_wconf 78' lang='lat' dir='ltr'><strong>subacti,</strong></span> <span class='ocrx_word' id='word_1_64' title='bbox 479 1655 605 1719; x_wconf 86' lang='lat' dir='ltr'><strong>semper</strong></span> <span class='ocrx_word' id='word_1_65' title='bbox 623 1634 715 1699; x_wconf 83' lang='lat' dir='ltr'><strong>frena</strong></span> <span class='ocrx_word' id='word_1_66' title='bbox 734 1634 936 1715; x_wconf 84' lang='lat' dir='ltr'><strong>mordebunt,</strong></span> <span class='ocrx_word' id='word_1_67' title='bbox 952 1643 986 1701; x_wconf 91' lang='lat' dir='ltr'><strong>et</strong></span> <span class='ocrx_word' id='word_1_68' title='bbox 1005 1637 1147 1720; x_wconf 88' lang='lat' dir='ltr'><strong>qualibet</strong></span> <span class='ocrx_word' id='word_1_69' title='bbox 1163 1641 1330 1708; x_wconf 86' lang='lat' dir='ltr'><strong>ooeasione</strong></span> 
     </span>
     <span class='ocr_line' id='line_1_11' title="bbox 325 1737 1330 1827; baseline 0.008 -26"><span class='ocrx_word' id='word_1_70' title='bbox 325 1737 543 1818; x_wconf 76' lang='lat' dir='ltr'><strong>excutiebant.</strong></span> <span class='ocrx_word' id='word_1_71' title='bbox 587 1737 794 1821; x_wconf 82' lang='lat' dir='ltr'><strong>Eginhardu&#39;s</strong></span> <span class='ocrx_word' id='word_1_72' title='bbox 822 1737 860 1803; x_wconf 89' lang='lat' dir='ltr'><strong>iu</strong></span> <span class='ocrx_word' id='word_1_73' title='bbox 886 1739 954 1804; x_wconf 84' lang='lat' dir='ltr'><strong>vitu</strong></span> <span class='ocrx_word' id='word_1_74' title='bbox 983 1737 1094 1805; x_wconf 86' lang='lat' dir='ltr'><strong>Caroli</strong></span> <span class='ocrx_word' id='word_1_75' title='bbox 1121 1741 1173 1806; x_wconf 88' lang='grc' dir='ltr'><strong>Μ.</strong></span> <span class='ocrx_word' id='word_1_76' title='bbox 1201 1741 1330 1827; x_wconf 82' lang='lat' dir='ltr'><strong>inquit:</strong></span> 
     </span>
     <span class='ocr_line' id='line_1_12' title="bbox 323 1827 1330 1929; baseline 0.006 -26"><span class='ocrx_word' id='word_1_77' title='bbox 323 1841 463 1904; x_wconf 77' lang='lat' dir='ltr'><strong>Francos</strong></span> <span class='ocrx_word' id='word_1_78' title='bbox 480 1841 654 1904; x_wconf 63' lang='lat' dir='ltr'><strong>damam</strong></span> <span class='ocrx_word' id='word_1_79' title='bbox 667 1840 841 1905; x_wconf 80' lang='lat' dir='ltr'><strong>dominatos</strong></span> <span class='ocrx_word' id='word_1_80' title='bbox 853 1861 919 1906; x_wconf 83' lang='lat' dir='ltr'><strong>esse</strong></span> <span class='ocrx_word' id='word_1_81' title='bbox 930 1827 955 1906; x_wconf 45' lang='lat' dir='ltr'><strong>&#39;u</strong></span> <span class='ocrx_word' id='word_1_82' title='bbox 966 1843 1074 1907; x_wconf 67' lang='lat' dir='ltr'><strong>Rheno</strong></span> <span class='ocrx_word' id='word_1_83' title='bbox 1088 1843 1134 1907; x_wconf 79' lang='lat' dir='ltr'><strong>ad</strong></span> <span class='ocrx_word' id='word_1_84' title='bbox 1146 1844 1264 1924; x_wconf 63' lang='lat' dir='ltr'><strong>Suum,</strong></span> <span class='ocrx_word' id='word_1_85' title='bbox 1275 1848 1330 1929; x_wconf 73' lang='lat' dir='ltr'><strong>qai</strong></span> 
     </span>
     <span class='ocr_line' id='line_1_13' title="bbox 324 1943 1328 2030; baseline 0.007 -24"><span class='ocrx_word' id='word_1_86' title='bbox 324 1944 479 2026; x_wconf 68' lang='lat' dir='ltr'><strong>Tortaque</strong></span> <span class='ocrx_word' id='word_1_87' title='bbox 491 1949 523 2007; x_wconf 83' lang='lat' dir='ltr'><strong>et</strong></span> <span class='ocrx_word' id='word_1_88' title='bbox 541 1943 678 2007; x_wconf 80' lang='lat' dir='ltr'><strong>Sarabos</strong></span> <span class='ocrx_word' id='word_1_89' title='bbox 698 1944 823 2008; x_wconf 69' lang='lat' dir='ltr'><strong>(dividit.</strong></span> <span class='ocrx_word' id='word_1_90' title='bbox 867 1944 935 2011; x_wconf 78' lang='lat' dir='ltr'><strong>Qui</strong></span> <span class='ocrx_word' id='word_1_91' title='bbox 948 1950 1058 2010; x_wconf 83' lang='lat' dir='ltr'><strong>sutem</strong></span> <span class='ocrx_word' id='word_1_92' title='bbox 1072 1945 1257 2013; x_wconf 83' lang='lat' dir='ltr'><strong>Bonifaeius</strong></span> <span class='ocrx_word' id='word_1_93' title='bbox 1270 1948 1328 2030; x_wconf 81' lang='lat' dir='ltr'><strong>ibi,</strong></span> 
     </span>
     <span class='ocr_line' id='line_1_14' title="bbox 323 2047 1327 2137; baseline 0.005 -24"><span class='ocrx_word' id='word_1_94' title='bbox 323 2049 382 2114; x_wconf 90' lang='lat' dir='ltr'><strong>ubi</strong></span> <span class='ocrx_word' id='word_1_95' title='bbox 395 2047 514 2134; x_wconf 72' lang='lat' dir='ltr'><strong>pagani</strong></span> <span class='ocrx_word' id='word_1_96' title='bbox 527 2055 561 2114; x_wconf 90' lang='lat' dir='ltr'><strong>et</strong></span> <span class='ocrx_word' id='word_1_97' title='bbox 572 2047 705 2113; x_wconf 75' lang='lat' dir='ltr'><strong>Frmois</strong></span> <span class='ocrx_word' id='word_1_98' title='bbox 718 2048 861 2114; x_wconf 88' lang='lat' dir='ltr'><strong>malefidi</strong></span> <span class='ocrx_word' id='word_1_99' title='bbox 874 2047 971 2113; x_wconf 86' lang='lat' dir='ltr'><strong>vieini</strong></span> <span class='ocrx_word' id='word_1_100' title='bbox 985 2048 1156 2133; x_wconf 81' lang='lat' dir='ltr'><strong>degebant,</strong></span> <span class='ocrx_word' id='word_1_101' title='bbox 1168 2051 1327 2137; x_wconf 80' lang='lat' dir='ltr'><strong>synodum</strong></span> 
     </span>
     <span class='ocr_line' id='line_1_15' title="bbox 322 2149 1327 2239; baseline 0.001 -21"><span class='ocrx_word' id='word_1_102' title='bbox 322 2173 521 2237; x_wconf 76' lang='lat' dir='ltr'><strong>oongregare</strong></span> <span class='ocrx_word' id='word_1_103' title='bbox 540 2149 724 2236; x_wconf 84' lang='lat' dir='ltr'><strong>potuis&#39;setl</strong></span> <span class='ocrx_word' id='word_1_104' title='bbox 769 2152 834 2216; x_wconf 76' lang='lat' dir='ltr'><strong>Hm</strong></span> <span class='ocrx_word' id='word_1_105' title='bbox 853 2151 891 2216; x_wconf 90' lang='lat' dir='ltr'><strong>in</strong></span> <span class='ocrx_word' id='word_1_106' title='bbox 910 2150 1046 2216; x_wconf 76' lang='lat' dir='ltr'><strong>urbibus</strong></span> <span class='ocrx_word' id='word_1_107' title='bbox 1067 2158 1101 2218; x_wconf 88' lang='lat' dir='ltr'><strong>et</strong></span> <span class='ocrx_word' id='word_1_108' title='bbox 1125 2152 1208 2218; x_wconf 83' lang='lat' dir='ltr'><strong>villis</strong></span> <span class='ocrx_word' id='word_1_109' title='bbox 1229 2154 1327 2239; x_wconf 81' lang='lat' dir='ltr'><strong>regiis</strong></span> 
     </span>
     <span class='ocr_line' id='line_1_16' title="bbox 322 2249 1325 2340; baseline 0.006 -22"><span class='ocrx_word' id='word_1_110' title='bbox 322 2255 524 2340; x_wconf 66' lang='lat' dir='ltr'><strong>palatiisque,</strong></span> <span class='ocrx_word' id='word_1_111' title='bbox 540 2275 580 2319; x_wconf 88' lang='lat' dir='ltr'><strong>ex</strong></span> <span class='ocrx_word' id='word_1_112' title='bbox 599 2253 716 2338; x_wconf 90' lang='lat' dir='ltr'><strong>quibus</strong></span> <span class='ocrx_word' id='word_1_113' title='bbox 732 2253 948 2338; x_wconf 80' lang='lat' dir='ltr'><strong>Salabmgum</strong></span> <span class='ocrx_word' id='word_1_114' title='bbox 966 2261 1045 2334; x_wconf 85' lang='lat' dir='ltr'><strong>erat,</strong></span> <span class='ocrx_word' id='word_1_115' title='bbox 1060 2249 1273 2337; x_wconf 86' lang='lat' dir='ltr'><strong>habebantur,</strong></span> <span class='ocrx_word' id='word_1_116' title='bbox 1286 2263 1325 2324; x_wconf 86' lang='lat' dir='ltr'><strong>ut</strong></span> 
     </span>
     <span class='ocr_line' id='line_1_17' title="bbox 321 2356 1326 2443; baseline 0.004 -20"><span class='ocrx_word' id='word_1_117' title='bbox 321 2360 507 2443; x_wconf 82' lang='lat' dir='ltr'><strong>quicunque</strong></span> <span class='ocrx_word' id='word_1_118' title='bbox 528 2363 755 2437; x_wconf 87' lang='lat' dir='ltr'><strong>eonvenerant‚</strong></span> <span class='ocrx_word' id='word_1_119' title='bbox 776 2356 843 2421; x_wconf 90' lang='lat' dir='ltr'><strong>tuti</strong></span> <span class='ocrx_word' id='word_1_120' title='bbox 864 2363 898 2422; x_wconf 87' lang='lat' dir='ltr'><strong>et</strong></span> <span class='ocrx_word' id='word_1_121' title='bbox 919 2356 961 2422; x_wconf 89' lang='lat' dir='ltr'><strong>ab</strong></span> <span class='ocrx_word' id='word_1_122' title='bbox 981 2357 1133 2424; x_wconf 86' lang='lat' dir='ltr'><strong>omuibus</strong></span> <span class='ocrx_word' id='word_1_123' title='bbox 1151 2358 1326 2427; x_wconf 85' lang='lat' dir='ltr'><strong>insultibus</strong></span> 
     </span>
     <span class='ocr_line' id='line_1_18' title="bbox 321 2459 1325 2547; baseline 0.001 -20"><span class='ocrx_word' id='word_1_124' title='bbox 321 2462 426 2527; x_wconf 82' lang='lat' dir='ltr'><strong>securi</strong></span> <span class='ocrx_word' id='word_1_125' title='bbox 454 2467 573 2527; x_wconf 85' lang='lat' dir='ltr'><strong>esseut.</strong></span> <span class='ocrx_word' id='word_1_126' title='bbox 617 2461 703 2526; x_wconf 74' lang='lat' dir='ltr'><strong>(lum</strong></span> <span class='ocrx_word' id='word_1_127' title='bbox 730 2481 806 2525; x_wconf 82' lang='lat' dir='ltr'><strong>vero</strong></span> <span class='ocrx_word' id='word_1_128' title='bbox 834 2460 934 2544; x_wconf 84' lang='lat' dir='ltr'><strong>regio,</strong></span> <span class='ocrx_word' id='word_1_129' title='bbox 962 2459 999 2524; x_wconf 90' lang='lat' dir='ltr'><strong>in</strong></span> <span class='ocrx_word' id='word_1_130' title='bbox 1022 2482 1086 2545; x_wconf 84' lang='lat' dir='ltr'><strong>qus</strong></span> <span class='ocrx_word' id='word_1_131' title='bbox 1111 2461 1325 2547; x_wconf 79' lang='lat' dir='ltr'><strong>Saluburgum</strong></span> 
     </span>
     <span class='ocr_line' id='line_1_19' title="bbox 317 2563 1324 2650; baseline 0.002 -20"><span class='ocrx_word' id='word_1_132' title='bbox 317 2567 415 2650; x_wconf 84' lang='lat' dir='ltr'><strong>juoet,</strong></span> <span class='ocrx_word' id='word_1_133' title='bbox 438 2564 504 2628; x_wconf 84' lang='lat' dir='ltr'><strong>sive</strong></span> <span class='ocrx_word' id='word_1_134' title='bbox 519 2584 623 2648; x_wconf 84' lang='lat' dir='ltr'><strong>pegus</strong></span> <span class='ocrx_word' id='word_1_135' title='bbox 646 2563 823 2647; x_wconf 75' lang='lat' dir='ltr'><strong>Sulogeusa</strong></span> <span class='ocrx_word' id='word_1_136' title='bbox 844 2563 950 2628; x_wconf 85' lang='lat' dir='ltr'><strong>adhue</strong></span> <span class='ocrx_word' id='word_1_137' title='bbox 970 2564 1157 2650; x_wconf 78' lang='lat' dir='ltr'><strong>Thuringiae</strong></span> <span class='ocrx_word' id='word_1_138' title='bbox 1177 2586 1324 2632; x_wconf 84' lang='lat' dir='ltr'><strong>seeensa·</strong></span> 
     </span>
     <span class='ocr_line' id='line_1_20' title="bbox 321 2666 1323 2751; baseline 0.003 -18"><span class='ocrx_word' id='word_1_139' title='bbox 321 2674 422 2747; x_wconf 85' lang='lat' dir='ltr'><strong>retur,</strong></span> <span class='ocrx_word' id='word_1_140' title='bbox 436 2666 514 2733; x_wconf 90' lang='lat' dir='ltr'><strong>inde</strong></span> <span class='ocrx_word' id='word_1_141' title='bbox 533 2667 650 2747; x_wconf 86' lang='lat' dir='ltr'><strong>elucet,</strong></span> <span class='ocrx_word' id='word_1_142' title='bbox 664 2666 838 2751; x_wconf 83' lang='lat' dir='ltr'><strong>pristinum</strong></span> <span class='ocrx_word' id='word_1_143' title='bbox 858 2667 921 2732; x_wconf 89' lang='lat' dir='ltr'><strong>hoo</strong></span> <span class='ocrx_word' id='word_1_144' title='bbox 937 2689 1058 2733; x_wconf 90' lang='lat' dir='ltr'><strong>nomen</strong></span> <span class='ocrx_word' id='word_1_145' title='bbox 1076 2674 1158 2734; x_wconf 89' lang='lat' dir='ltr'><strong>tuno</strong></span> <span class='ocrx_word' id='word_1_146' title='bbox 1175 2669 1323 2737; x_wconf 87' lang='lat' dir='ltr'><strong>nondum</strong></span> 
     </span>
     <span class='ocr_line' id='line_1_21' title="bbox 319 2769 1324 2850; baseline 0.006 -16"><span class='ocrx_word' id='word_1_147' title='bbox 319 2770 356 2834; x_wconf 92' lang='lat' dir='ltr'><strong>in</strong></span> <span class='ocrx_word' id='word_1_148' title='bbox 391 2770 636 2835; x_wconf 90' lang='lat' dir='ltr'><strong>desuetudinem</strong></span> <span class='ocrx_word' id='word_1_149' title='bbox 667 2770 802 2850; x_wconf 82' lang='lat' dir='ltr'><strong>venisse,</strong></span> <span class='ocrx_word' id='word_1_150' title='bbox 832 2769 889 2834; x_wconf 89' lang='lat' dir='ltr'><strong>sed</strong></span> <span class='ocrx_word' id='word_1_151' title='bbox 917 2771 1076 2837; x_wconf 82' lang='lat' dir='ltr'><strong>haetenus</strong></span> <span class='ocrx_word' id='word_1_152' title='bbox 1108 2772 1324 2839; x_wconf 70' lang='lat' dir='ltr'><strong>communite</strong></span> 
     </span>
     <span class='ocr_line' id='line_1_22' title="bbox 320 2873 930 2938; baseline 0 0"><span class='ocrx_word' id='word_1_153' title='bbox 320 2873 604 2938; x_wconf 81' lang='lat' dir='ltr'><strong>usitatumiuisse.</strong></span> <span class='ocrx_word' id='word_1_154' title='bbox 625 2873 756 2937; x_wconf 80' lang='lat' dir='ltr'><strong>Eokart.</strong></span> <span class='ocrx_word' id='word_1_155' title='bbox 771 2873 796 2938; x_wconf 86' lang='lat' dir='ltr'><strong>l.</strong></span> <span class='ocrx_word' id='word_1_156' title='bbox 809 2874 860 2938; x_wconf 54' lang='grc' dir='ltr'><strong>ω’</strong></span> <span class='ocrx_word' id='word_1_157' title='bbox 875 2874 930 2938; x_wconf 84' lang='lat' dir='ltr'><strong>W.</strong></span> 
     </span>
    </p>

    <p class='ocr_par' dir='ltr' id='par_1_3' title="bbox 318 2975 1321 3266">
     <span class='ocr_line' id='line_1_23' title="bbox 364 2975 1321 3062; baseline 0.005 -21"><span class='ocrx_word' id='word_1_158' title='bbox 364 2977 486 3041; x_wconf 86' lang='lat' dir='ltr'><strong>Coueil.</strong></span> <span class='ocrx_word' id='word_1_159' title='bbox 502 2975 568 3041; x_wconf 91' lang='lat' dir='ltr'><strong>III.</strong></span> <span class='ocrx_word' id='word_1_160' title='bbox 583 2998 615 3059; x_wconf 92' lang='lat' dir='ltr'><strong>p.</strong></span> <span class='ocrx_word' id='word_1_161' title='bbox 633 2977 722 3056; x_wconf 83' lang='lat'><strong>12,1.</strong></span> <span class='ocrx_word' id='word_1_162' title='bbox 738 2979 779 3040; x_wconf 82' lang='lat'><strong>21</strong></span> <span class='ocrx_word' id='word_1_163' title='bbox 804 2975 1252 3062; x_wconf 65' lang='lat' dir='ltr'><strong>mysterium—ministerium</strong></span> <span class='ocrx_word' id='word_1_164' title='bbox 1265 2980 1321 3046; x_wconf 85' lang='lat' dir='ltr'><strong>W.</strong></span> 
     </span>
     <span class='ocr_line' id='line_1_24' title="bbox 318 3078 1319 3164; baseline 0.003 -21"><span class='ocrx_word' id='word_1_165' title='bbox 318 3079 355 3143; x_wconf 90' lang='lat' dir='ltr'><strong>in</strong></span> <span class='ocrx_word' id='word_1_166' title='bbox 375 3100 559 3164; x_wconf 82' lang='lat' dir='ltr'><strong>marg.==p.</strong></span> <span class='ocrx_word' id='word_1_167' title='bbox 583 3079 682 3159; x_wconf 79' lang='lat'><strong>13,&#39;1.</strong></span> <span class='ocrx_word' id='word_1_168' title='bbox 702 3081 759 3145; x_wconf 81' lang='lat'><strong>21.</strong></span> <span class='ocrx_word' id='word_1_169' title='bbox 778 3079 857 3145; x_wconf 85' lang='lat' dir='ltr'><strong>Ned</strong></span> <span class='ocrx_word' id='word_1_170' title='bbox 876 3078 1191 3145; x_wconf 62' lang='lat' dir='ltr'><strong>frma-Niedfeor</strong></span> <span class='ocrx_word' id='word_1_171' title='bbox 1206 3081 1262 3146; x_wconf 81' lang='lat' dir='ltr'><strong>W.</strong></span> <span class='ocrx_word' id='word_1_172' title='bbox 1282 3081 1319 3146; x_wconf 93' lang='lat' dir='ltr'><strong>in</strong></span> 
     </span>
     <span class='ocr_line' id='line_1_25' title="bbox 318 3202 470 3266; baseline 0.007 -21"><span class='ocrx_word' id='word_1_173' title='bbox 318 3202 420 3266; x_wconf 82' lang='lat' dir='ltr'><strong>marg.</strong></span> <span class='ocrx_word' id='word_1_174' title='bbox 435 3210 470 3239; x_wconf 93' lang='lat'>=</span> 
     </span>
    </p>

    <p class='ocr_par' dir='ltr' id='par_1_4' title="bbox 282 3280 1369 4604">
     <span class='ocr_line' id='line_1_26' title="bbox 362 3280 1318 3369; baseline 0.004 -21"><span class='ocrx_word' id='word_1_175' title='bbox 362 3285 400 3349; x_wconf 93' lang='lat' dir='ltr'><strong>P.</strong></span> <span class='ocrx_word' id='word_1_176' title='bbox 417 3287 469 3363; x_wconf 83' lang='lat'><strong>14,</strong></span> <span class='ocrx_word' id='word_1_177' title='bbox 484 3280 509 3350; x_wconf 90' lang='lat' dir='ltr'><strong>l.</strong></span> <span class='ocrx_word' id='word_1_178' title='bbox 522 3287 546 3349; x_wconf 86' lang='lat'>4</span> <span class='ocrx_word' id='word_1_179' title='bbox 559 3284 744 3369; x_wconf 78' lang='lat' dir='ltr'><strong>negligunt]</strong></span> <span class='ocrx_word' id='word_1_180' title='bbox 768 3284 910 3369; x_wconf 81' lang='lat' dir='ltr'><strong>“Pergit</strong></span> <span class='ocrx_word' id='word_1_181' title='bbox 930 3283 1113 3350; x_wconf 85' lang='lat' dir='ltr'><strong>Otblouus:</strong></span> <span class='ocrx_word' id='word_1_182' title='bbox 1136 3284 1318 3352; x_wconf 76' lang='lat' dir='ltr'><strong>Statuimus</strong></span> 
     </span>
     <span class='ocr_line' id='line_1_27' title="bbox 317 3385 1319 3472; baseline 0.005 -20"><span class='ocrx_word' id='word_1_183' title='bbox 317 3408 445 3472; x_wconf 88' lang='lat' dir='ltr'><strong>quoque</strong></span> <span class='ocrx_word' id='word_1_184' title='bbox 464 3408 539 3451; x_wconf 92' lang='lat' dir='ltr'><strong>eum</strong></span> <span class='ocrx_word' id='word_1_185' title='bbox 558 3388 691 3453; x_wconf 90' lang='lat' dir='ltr'><strong>oonsilio</strong></span> <span class='ocrx_word' id='word_1_186' title='bbox 713 3408 878 3453; x_wconf 81' lang='lat' dir='ltr'><strong>servorum</strong></span> <span class='ocrx_word' id='word_1_187' title='bbox 890 3387 954 3452; x_wconf 87' lang='lat' dir='ltr'><strong>Dei</strong></span> <span class='ocrx_word' id='word_1_188' title='bbox 970 3395 1005 3452; x_wconf 86' lang='lat' dir='ltr'><strong>et</strong></span> <span class='ocrx_word' id='word_1_189' title='bbox 1020 3385 1132 3472; x_wconf 88' lang='lat' dir='ltr'><strong>populi</strong></span> <span class='ocrx_word' id='word_1_190' title='bbox 1151 3386 1319 3457; x_wconf 78' lang='lat' dir='ltr'><strong>christiani</strong></span> 
     </span>
     <span class='ocr_line' id='line_1_28' title="bbox 317 3489 1319 3576; baseline 0.005 -20"><span class='ocrx_word' id='word_1_191' title='bbox 317 3497 447 3575; x_wconf 84' lang='lat' dir='ltr'><strong>propter</strong></span> <span class='ocrx_word' id='word_1_192' title='bbox 471 3489 678 3556; x_wconf 81' lang='lat' dir='ltr'><strong>imminentis</strong></span> <span class='ocrx_word' id='word_1_193' title='bbox 699 3489 786 3555; x_wconf 85' lang='lat' dir='ltr'><strong>belle</strong></span> <span class='ocrx_word' id='word_1_194' title='bbox 812 3497 847 3555; x_wconf 87' lang='lat' dir='ltr'><strong>et</strong></span> <span class='ocrx_word' id='word_1_195' title='bbox 873 3491 1112 3576; x_wconf 78' lang='lat' dir='ltr'><strong>persecutiones</strong></span> <span class='ocrx_word' id='word_1_196' title='bbox 1137 3492 1319 3561; x_wconf 69' lang='lat' dir='ltr'><strong>multarem</strong></span> 
     </span>
     <span class='ocr_line' id='line_1_29' title="bbox 317 3593 1319 3682; baseline 0.008 -25"><span class='ocrx_word' id='word_1_197' title='bbox 317 3593 608 3678; x_wconf 84' lang='lat' dir='ltr'><strong>gentium,quiiu</strong></span> <span class='ocrx_word' id='word_1_198' title='bbox 629 3593 1319 3682; x_wconf 74' lang='lat' dir='ltr'><strong>eirmituuestmsuututsubproeourio</strong></span> 
     </span>
     <span class='ocr_line' id='line_1_30' title="bbox 282 3696 1318 3785; baseline 0.006 -23"><span class='ocrx_word' id='word_1_199' title='bbox 282 3707 289 3717; x_wconf 89' lang='lat'><strong><em>‘</em></strong></span> <span class='ocrx_word' id='word_1_200' title='bbox 316 3718 416 3762; x_wconf 88' lang='lat' dir='ltr'><strong>oeusu</strong></span> <span class='ocrx_word' id='word_1_201' title='bbox 430 3696 571 3781; x_wconf 87' lang='lat' dir='ltr'><strong>aliquam</strong></span> <span class='ocrx_word' id='word_1_202' title='bbox 585 3703 711 3781; x_wconf 83' lang='lat' dir='ltr'><strong>partem</strong></span> <span class='ocrx_word' id='word_1_203' title='bbox 725 3696 1057 3783; x_wconf 79' lang='lat' dir='ltr'><strong>eoelesialiapemmiae</strong></span> <span class='ocrx_word' id='word_1_204' title='bbox 1070 3699 1107 3765; x_wconf 90' lang='lat' dir='ltr'><strong>in</strong></span> <span class='ocrx_word' id='word_1_205' title='bbox 1121 3699 1318 3785; x_wconf 77' lang='lat' dir='ltr'><strong>ulijutouium</strong></span> 
     </span>
     <span class='ocr_line' id='line_1_31' title="bbox 315 3797 1369 3889; baseline 0.007 -26"><span class='ocrx_word' id='word_1_206' title='bbox 315 3798 475 3864; x_wconf 84' lang='lat' dir='ltr'><strong>exereitus</strong></span> <span class='ocrx_word' id='word_1_207' title='bbox 488 3798 592 3865; x_wconf 86' lang='lat' dir='ltr'><strong>nostri</strong></span> <span class='ocrx_word' id='word_1_208' title='bbox 602 3821 678 3865; x_wconf 85' lang='lat' dir='ltr'><strong>eum</strong></span> <span class='ocrx_word' id='word_1_209' title='bbox 691 3797 897 3885; x_wconf 77' lang='lat' dir='ltr'><strong>indulgentia</strong></span> <span class='ocrx_word' id='word_1_210' title='bbox 910 3801 976 3868; x_wconf 83' lang='lat' dir='ltr'><strong>Dei</strong></span> <span class='ocrx_word' id='word_1_211' title='bbox 993 3803 1162 3887; x_wconf 84' lang='lat' dir='ltr'><strong>aliquanto</strong></span> <span class='ocrx_word' id='word_1_212' title='bbox 1171 3810 1320 3889; x_wconf 68' lang='lat' dir='ltr'><strong>tempas</strong></span> <span class='ocrx_word' id='word_1_213' title='bbox 1363 3802 1369 3811; x_wconf 74' lang='grc'><strong>“</strong></span> 
     </span>
     <span class='ocr_line' id='line_1_32' title="bbox 314 3902 1320 3991; baseline 0.004 -24"><span class='ocrx_word' id='word_1_214' title='bbox 314 3902 521 3984; x_wconf 77' lang='lat' dir='ltr'><strong>retinemus,</strong></span> <span class='ocrx_word' id='word_1_215' title='bbox 536 3923 576 3968; x_wconf 85' lang='lat' dir='ltr'><strong>ea</strong></span> <span class='ocrx_word' id='word_1_216' title='bbox 591 3902 785 3983; x_wconf 87' lang='lat' dir='ltr'><strong>eonditioue,</strong></span> <span class='ocrx_word' id='word_1_217' title='bbox 799 3910 840 3969; x_wconf 92' lang='lat' dir='ltr'><strong>ut</strong></span> <span class='ocrx_word' id='word_1_218' title='bbox 853 3905 949 3969; x_wconf 90' lang='lat' dir='ltr'><strong>aunis</strong></span> <span class='ocrx_word' id='word_1_219' title='bbox 967 3904 1103 3990; x_wconf 78' lang='lat' dir='ltr'><strong>singulis</strong></span> <span class='ocrx_word' id='word_1_220' title='bbox 1117 3905 1159 3970; x_wconf 88' lang='lat' dir='ltr'><strong>de</strong></span> <span class='ocrx_word' id='word_1_221' title='bbox 1171 3924 1320 3991; x_wconf 70' lang='lat' dir='ltr'><strong>unuqu-</strong></span> 
     </span>
     <span class='ocr_line' id='line_1_33' title="bbox 316 4006 1318 4090; baseline 0.006 -21"><span class='ocrx_word' id='word_1_222' title='bbox 316 4027 379 4090; x_wconf 90' lang='lat' dir='ltr'><strong>que</strong></span> <span class='ocrx_word' id='word_1_223' title='bbox 394 4012 503 4070; x_wconf 82' lang='lat' dir='ltr'><strong>casata</strong></span> <span class='ocrx_word' id='word_1_224' title='bbox 521 4006 652 4087; x_wconf 90' lang='lat' dir='ltr'><strong>solidus,</strong></span> <span class='ocrx_word' id='word_1_225' title='bbox 667 4007 702 4070; x_wconf 89' lang='lat' dir='ltr'><strong>id</strong></span> <span class='ocrx_word' id='word_1_226' title='bbox 719 4013 779 4087; x_wconf 87' lang='lat' dir='ltr'><strong>est,</strong></span> <span class='ocrx_word' id='word_1_227' title='bbox 794 4008 867 4072; x_wconf 86' lang='lat' dir='ltr'><strong>XII</strong></span> <span class='ocrx_word' id='word_1_228' title='bbox 884 4007 1009 4073; x_wconf 71' lang='lat' dir='ltr'><strong>deustii</strong></span> <span class='ocrx_word' id='word_1_229' title='bbox 1026 4008 1070 4073; x_wconf 87' lang='lat' dir='ltr'><strong>ad</strong></span> <span class='ocrx_word' id='word_1_230' title='bbox 1086 4007 1255 4074; x_wconf 67' lang='lat' dir='ltr'><strong>aetenam</strong></span> <span class='ocrx_word' id='word_1_231' title='bbox 1267 4008 1318 4075; x_wconf 75' lang='lat' dir='ltr'><strong>vel</strong></span> 
     </span>
     <span class='ocr_line' id='line_1_34' title="bbox 314 4107 1316 4192; baseline 0.005 -20"><span class='ocrx_word' id='word_1_232' title='bbox 314 4107 547 4174; x_wconf 77' lang='lat' dir='ltr'><strong>monasterium</strong></span> <span class='ocrx_word' id='word_1_233' title='bbox 567 4109 754 4190; x_wconf 80' lang='lat' dir='ltr'><strong>reddantur,</strong></span> <span class='ocrx_word' id='word_1_234' title='bbox 777 4132 817 4177; x_wconf 90' lang='lat' dir='ltr'><strong>eo</strong></span> <span class='ocrx_word' id='word_1_235' title='bbox 837 4110 943 4190; x_wconf 87' lang='lat' dir='ltr'><strong>modo,</strong></span> <span class='ocrx_word' id='word_1_236' title='bbox 965 4116 1004 4176; x_wconf 92' lang='lat' dir='ltr'><strong>ut</strong></span> <span class='ocrx_word' id='word_1_237' title='bbox 1025 4109 1054 4176; x_wconf 86' lang='lat' dir='ltr'><strong>si</strong></span> <span class='ocrx_word' id='word_1_238' title='bbox 1073 4110 1231 4177; x_wconf 70' lang='lat' dir='ltr'><strong>mariam</strong></span> <span class='ocrx_word' id='word_1_239' title='bbox 1250 4111 1316 4192; x_wconf 87' lang='lat' dir='ltr'><strong>ille,</strong></span> 
     </span>
     <span class='ocr_line' id='line_1_35' title="bbox 314 4211 1316 4301; baseline 0.006 -26"><span class='ocrx_word' id='word_1_240' title='bbox 314 4211 367 4276; x_wconf 77' lang='lat' dir='ltr'><strong>eui</strong></span> <span class='ocrx_word' id='word_1_241' title='bbox 395 4212 534 4296; x_wconf 77' lang='lat' dir='ltr'><strong>pecunia</strong></span> <span class='ocrx_word' id='word_1_242' title='bbox 566 4212 794 4278; x_wconf 77' lang='lat' dir='ltr'><strong>commendata</strong></span> <span class='ocrx_word' id='word_1_243' title='bbox 820 4214 894 4294; x_wconf 84' lang='lat' dir='ltr'><strong>fuit,</strong></span> <span class='ocrx_word' id='word_1_244' title='bbox 924 4213 1058 4279; x_wconf 87' lang='lat' dir='ltr'><strong>eoelesia</strong></span> <span class='ocrx_word' id='word_1_245' title='bbox 1085 4233 1160 4280; x_wconf 82' lang='lat' dir='ltr'><strong>eum</strong></span> <span class='ocrx_word' id='word_1_246' title='bbox 1187 4215 1316 4301; x_wconf 75' lang='lat' dir='ltr'><strong>propris</strong></span> 
     </span>
     <span class='ocr_line' id='line_1_36' title="bbox 312 4315 1315 4400; baseline 0.007 -23"><span class='ocrx_word' id='word_1_247' title='bbox 312 4315 451 4398; x_wconf 85' lang='lat' dir='ltr'><strong>pecunia</strong></span> <span class='ocrx_word' id='word_1_248' title='bbox 463 4315 615 4380; x_wconf 79' lang='lat' dir='ltr'><strong>revestita</strong></span> <span class='ocrx_word' id='word_1_249' title='bbox 629 4315 682 4381; x_wconf 90' lang='lat' dir='ltr'><strong>sit.</strong></span> <span class='ocrx_word' id='word_1_250' title='bbox 725 4317 771 4381; x_wconf 83' lang='lat' dir='ltr'><strong>Et</strong></span> <span class='ocrx_word' id='word_1_251' title='bbox 787 4316 906 4382; x_wconf 78' lang='lat' dir='ltr'><strong>iterum</strong></span> <span class='ocrx_word' id='word_1_252' title='bbox 923 4316 1141 4382; x_wconf 80' lang='lat' dir='ltr'><strong>sineeessitss</strong></span> <span class='ocrx_word' id='word_1_253' title='bbox 1156 4323 1262 4400; x_wconf 78' lang='lat' dir='ltr'><strong>oogst,</strong></span> <span class='ocrx_word' id='word_1_254' title='bbox 1275 4323 1315 4385; x_wconf 90' lang='grc' dir='ltr'><strong>ιιι</strong></span> 
     </span>
     <span class='ocr_line' id='line_1_37' title="bbox 312 4417 1315 4504; baseline 0.004 -22"><span class='ocrx_word' id='word_1_255' title='bbox 312 4419 461 4503; x_wconf 78' lang='lat' dir='ltr'><strong>princeps</strong></span> <span class='ocrx_word' id='word_1_256' title='bbox 486 4417 612 4504; x_wconf 84' lang='lat' dir='ltr'><strong>jubeat,</strong></span> <span class='ocrx_word' id='word_1_257' title='bbox 640 4420 828 4502; x_wconf 75' lang='lat' dir='ltr'><strong>praem-ium</strong></span> <span class='ocrx_word' id='word_1_258' title='bbox 844 4427 1032 4487; x_wconf 72' lang='lat' dir='ltr'><strong>neuoaetun</strong></span> <span class='ocrx_word' id='word_1_259' title='bbox 1057 4425 1093 4486; x_wconf 85' lang='lat' dir='ltr'><strong>st</strong></span> <span class='ocrx_word' id='word_1_260' title='bbox 1120 4418 1315 4486; x_wconf 72' lang='lat' dir='ltr'><strong>msadbatus</strong></span> 
     </span>
     <span class='ocr_line' id='line_1_38' title="bbox 313 4521 1315 4604; baseline 0.004 -18"><span class='ocrx_word' id='word_1_261' title='bbox 313 4541 433 4586; x_wconf 74' lang='lat' dir='ltr'><strong>novum</strong></span> <span class='ocrx_word' id='word_1_262' title='bbox 447 4527 480 4587; x_wconf 90' lang='lat' dir='ltr'><strong>et</strong></span> <span class='ocrx_word' id='word_1_263' title='bbox 495 4521 627 4587; x_wconf 89' lang='lat' dir='ltr'><strong>omuino</strong></span> <span class='ocrx_word' id='word_1_264' title='bbox 641 4530 830 4604; x_wconf 67' lang='lat' dir='ltr'><strong>resalvetur,</strong></span> <span class='ocrx_word' id='word_1_265' title='bbox 844 4529 883 4589; x_wconf 90' lang='grc' dir='ltr'><strong>ιιι</strong></span> <span class='ocrx_word' id='word_1_266' title='bbox 898 4522 1038 4589; x_wconf 76' lang='lat' dir='ltr'><strong>eoelesioe</strong></span> <span class='ocrx_word' id='word_1_267' title='bbox 1052 4521 1103 4587; x_wconf 87' lang='lat' dir='ltr'><strong>vel</strong></span> <span class='ocrx_word' id='word_1_268' title='bbox 1119 4522 1315 4597; x_wconf 75' lang='lat' dir='ltr'><strong>monasteria</strong></span> 
     </span>
    </p>
   </div>
   <div class='ocr_carea' id='block_1_3' title="bbox 0 0 1634 5467">
    <p class='ocr_par' dir='ltr' id='par_1_5' title="bbox 0 0 1634 5467">
     <span class='ocr_line' id='line_1_39' title="bbox 0 0 1634 5467; baseline 0 8"><span class='ocrx_word' id='word_1_269' title='bbox 0 0 1634 5467; x_wconf 95' lang='lat' dir='ltr'><strong> </strong></span> 
     </span>
    </p>
   </div>
  </div>
 </body>
</html>
