3259 5467
407 724 447 785 12
692 735 863 779 nonmnon
879 733 1122 778 nsenrrrrscorr

404 886 607 962 wintanum,
630 890 662 946 et
680 880 891 958 Witbaldum,
914 888 946 942 et
967 879 1149 957 Dadanum,
1171 885 1203 942 et
1221 878 1406 957 Eddanum,

405 1009 441 1051 ac
467 987 603 1070 reliquos
621 985 791 1068 episcopos,
812 1004 887 1046 cum
906 982 1098 1066 presbyteris
1120 1003 1242 1061 eorum,
1264 988 1304 1046 ut
1328 982 1407 1044 milri

407 1089 576 1154 consilium
596 1088 768 1166 dedissent,
789 1084 948 1170 quomodo
969 1086 1021 1148 lex
1043 1085 1115 1164 Dei,
1138 1091 1171 1149 et
1197 1085 1409 1149 ecclesiastica

405 1192 518 1274 religio
542 1196 756 1274 recuperetur,
779 1211 850 1272 quae
871 1189 906 1250 in
930 1187 1042 1251 diebus
1060 1188 1298 1271 praeteritorum
1322 1190 1408 1273 prin-

407 1294 514 1379 cipum
529 1293 681 1377 dissipata
700 1281 830 1371 corruit,
847 1298 879 1355 et
901 1290 1038 1374 qualiter
1055 1292 1191 1375 populus
1207 1291 1409 1355 Christianus

409 1389 602 1461 adsalutem
622 1395 737 1459 animae
760 1394 924 1479 pervenire
938 1393 1047 1478 possit,
1064 1401 1096 1466 et
1116 1415 1173 1479 per
1191 1393 1287 1458 falsos
1308 1417 1408 1459 sacer-

409 1500 500 1564 dotes
516 1501 668 1583 deceptus
680 1519 746 1562 non
760 1503 880 1582 pereat.

455 1604 568 1687 ltaque
597 1624 654 1687 per
683 1602 852 1666 eonsilium
881 1600 1091 1678 sacerdotum,
1115 1600 1347 1683 religiosorum,
1379 1609 1410 1665 et

409 1707 601 1790 optimatum
617 1727 772 1784 meorum,
783 1704 999 1768 ordinavimus
1010 1726 1068 1788 per
1082 1704 1225 1768 civitates
1237 1703 1409 1789 dpiscopos,

410 1817 443 1874 et
465 1810 690 1875 constituimus
712 1830 805 1893 super
827 1829 880 1871 ecs
903 1807 1173 1891 arehiepiscopum
1195 1808 1408 1886 Bonifacium‚

411 1915 466 1997 qui
481 1921 529 1977 est
544 1915 660 1977 missus
674 1913 776 1976 sancti
791 1911 891 1989 Petri,
908 1911 1142 1993 statuimusque
1155 1932 1213 1994 per
1228 1932 1331 1975 annos
1347 1913 1408 1976 siu-

411 2019 502 2101 gulos
518 2018 676 2102 synodum
694 2015 902 2099 congregari3
924 2020 963 2077 ut
977 2014 1070 2077 nobis
1088 2015 1299 2098 praesentibus
1315 2037 1408 2079 cano-

409 2143 489 2183 num
514 2120 641 2184 decreta
664 2126 697 2183 et
726 2117 866 2182 ecelesiae
885 2119 961 2201 jura
982 2123 1212 2196 restaurentur,
1235 2126 1269 2181 et
1298 2119 1410 2201 religio

410 2222 593 2285 Christiana
608 2222 805 2300 emendetur,
817 2227 850 2284 et
864 2220 1026 2284 fraudatas
1040 2220 1190 2303 pecunias
1205 2222 1410 2285 ecelesiarum

410 2325 549 2389 ecclesiis
566 2326 785 2389 restituimus:
808 2324 904 2387 falsos
925 2345 999 2387 vero
1018 2324 1229 2407 presbyteros,
1244 2326 1294 2388 vel
1312 2326 1409 2388 forni-

410 2435 533 2490 catores
563 2427 711 2491 diaconos
741 2434 774 2491 et
803 2426 943 2505 elericos,
970 2427 1009 2490 de
1032 2427 1175 2510 pecuniis
1205 2429 1409 2491 ecclesiarum

411 2531 609 2610 abstulimus,
634 2537 668 2595 et
693 2529 945 2614 degradavimus,
970 2537 1003 2593 et
1029 2530 1069 2593 ad
1094 2531 1319 2614 poenitentiam
1338 2538 1409 2596 coe-

412 2634 526 2717 gimus.

456 2737 561 2801 Servis
573 2738 636 2800 Dei
645 2759 703 2820 per
717 2736 826 2799 omnia
841 2742 1037 2799 armaturam
1047 2743 1184 2820 portare,
1194 2738 1243 2800 vel
1255 2760 1410 2821 pugnare,

410 2848 467 2903 aut
488 2841 524 2903 in
547 2840 721 2904 exereitum
743 2847 776 2903 et
797 2840 834 2902 in
853 2839 980 2903 hostem
1001 2861 1132 2923 pergere
1154 2840 1286 2905 omnino
1303 2842 1409 2925 prohi-

409 2943 558 3007 buimus:
581 2943 643 3007 nisi
663 2944 727 3006 illis
744 2948 885 3020 tantum,
902 2943 956 3024 qui
977 2950 1107 3027 propter
1129 2945 1271 3007 divinum
1291 2954 1409 3030 myste-

410 3048 505 3126 rium,
526 3048 697 3111 missarum
717 3047 837 3110 seilicet
858 3046 1012 3111 solemnia
1034 3047 1247 3130 adimplenda,
1268 3058 1301 3113 et
1320 3071 1409 3113 sanc·

409 3157 517 3215 torum
538 3150 715 3234 patrocinia
733 3148 902 3233 portanda,
921 3149 962 3212 ad
980 3149 1042 3213 hoc
1062 3150 1154 3214 electi
1175 3159 1270 3215 sunt:
1293 3152 1328 3214 id
1351 3161 1409 3230 est,

411 3277 514 3319 unum
528 3255 578 3318 vel
595 3255 675 3319 duos
695 3254 866 3337 episcopos,
883 3274 957 3315 eum
977 3254 1148 3336 capellanis
1168 3262 1201 3318 ct
1218 3255 1411 3340 presbyteris

320 3386 323 3390 ⁴
410 3380 522 3422 eorum
545 3358 691 3441 princeps
718 3378 827 3420 secum
849 3355 989 3419 habeat:
1021 3363 1055 3420 et
1084 3358 1304 3444 unusquisque
1332 3381 1411 3442 prae-

410 3460 512 3523 fectus
532 3482 635 3522 unum
655 3459 887 3542 presbyterum,
904 3460 959 3542 qui
980 3460 1164 3524 hominibus
1184 3469 1316 3545 peccata
1336 3484 1410 3527 eon-

410 3562 576 3625 fiteutibus
588 3561 741 3644 judicare,
758 3569 790 3624 et
809 3560 951 3626 indicare
970 3563 1194 3645 poenitentiam
1211 3566 1330 3649 possit5
1353 3587 1411 3631 nec

410 3686 477 3728 non
508 3671 541 3728 et
569 3663 640 3727 illas
669 3665 863 3744 venationes,
885 3672 917 3728 et
948 3666 1104 3730 silvaticas
1127 3668 1312 3752 vagationes
1338 3692 1411 3734 cum

410 3768 552 3846 canibus,
569 3766 717 3832 omnibus
733 3769 829 3832 servis
845 3768 907 3833 Dei
929 3766 1170 3834 interdiximus:
1193 3778 1227 3836 et
1241 3779 1280 3837 ut
1298 3774 1410 3858 accipi-

409 3877 474 3935 tres
490 3881 522 3936 et
537 3873 677 3936 falcones
692 3894 757 3935 non
772 3872 921 3936 habeant.

453 3976 660 4040 Decrevimus
694 3997 819 4061 quoque
849 3976 943 4060 juxta
977 3983 1159 4041 sanctorum
1195 3998 1344 4058 canones,
1374 3987 1410 4043 ut

409 4079 628 4162 uuusquisque
652 4079 818 4164 presbyter
842 4079 878 4143 in
900 4080 1050 4164 parochia
1072 4081 1222 4146 habitans
1246 4083 1410 4168 subjectus

409 4182 451 4246 sit
465 4183 513 4245 illi
532 4183 678 4266 episcopo
692 4184 728 4246 in
744 4185 835 4266 cujus
852 4184 1006 4268 parochia
1018 4184 1164 4264 habitat;
1187 4192 1220 4250 et
1235 4207 1362 4272 semper
1375 4188 1409 4250 in

409 4285 652 4369 quadragesima
675 4287 832 4350 rationem
852 4295 887 4350 et
909 4284 1055 4351 ordinem
1077 4289 1246 4354 ministerii
1266 4292 1326 4369 sui,
1344 4291 1408 4354 sive

408 4387 448 4452 de
462 4389 631 4473 baptismo,
648 4390 711 4454 sive
732 4391 772 4454 de
795 4389 858 4454 fide
879 4392 1125 4471 catholicamve
1145 4394 1187 4458 de
1208 4395 1357 4477 precibus
1376 4400 1409 4457 et

408 4491 519 4556 ordine
538 4493 706 4556 missarum
726 4494 786 4577 ipsi
803 4494 951 4578 episeopo
971 4496 1084 4560 reddat
1110 4504 1142 4561 et
1163 4498 1321 4562 ostendat.
1366 4497 1408 4560 Et

406 4595 672 4678 quandocumque
705 4598 778 4679 jure
822 4598 974 4662 canonico
1011 4601 1175 4685 episeopus
1216 4599 1408 4665 circumierit
