3259 5467
620 691 771 732 aucroun
788 689 1015 734 wrnnrnanno.
1252 671 1314 733 159

310 833 445 896 tissimae
468 834 544 915 apis,
562 855 632 915 quae
655 834 772 896 suctim
791 855 978 916 camporum
998 833 1203 898 circumvolat
1221 857 1312 898 arva:

310 946 344 1001 et
358 959 565 1000 numerosam
582 937 797 1000 redolentium
816 937 990 1000 herbarum
1010 938 1143 1020 copiam,
1159 938 1313 1021 pennige-

311 1037 356 1104 ris
381 1041 522 1104 molliter
549 1047 752 1123 perstrepens
781 1040 840 1102 alis
870 1040 1084 1118 circumvolat,
1108 1041 1314 1124 carpentique

312 1152 418 1209 rostro
439 1150 613 1227 pertentat,
631 1144 784 1207 melliflua
804 1143 862 1206 ubi
882 1143 1021 1206 nectaris
1046 1144 1146 1208 lateat
1167 1136 1313 1223 dulcedo,

313 1257 347 1312 ct
368 1249 434 1311 suis
453 1269 534 1325 eam,
555 1247 644 1310 omni
662 1247 792 1330 penitus
814 1246 972 1309 mortiferi
995 1248 1081 1310 succi
1100 1248 1314 1312 amaritudine

313 1358 509 1434 contempta,
539 1351 682 1414 alveariis
707 1348 848 1414 invehit:
887 1356 920 1413 et
945 1351 1123 1414 secundum
1153 1352 1314 1435 quandam

312 1454 507 1537 Apostolicae
524 1453 780 1517 ratiocinationis
802 1453 920 1537 eloquii
937 1453 1190 1532 similitudinem,
1206 1455 1316 1519 omnia

311 1557 480 1641 probat‚et
496 1557 582 1640 quod
596 1557 896 1635 bonumest‚tenet.
922 1557 1183 1641 Sanctus-itaque
1194 1558 1242 1621 vir
1253 1557 1315 1622 Dei

312 1661 348 1722 in
370 1660 556 1742 Thuringia,
572 1660 667 1743 juxta
687 1659 822 1722 insitum
848 1658 909 1722 sibi
930 1659 1121 1723 mandatum
1138 1661 1315 1742 Apostolici

313 1763 490 1842 Pontificis,
508 1765 689 1841 Senatores,
706 1763 844 1845 denique
862 1762 964 1845 plebis
979 1763 1079 1827 totius
1098 1764 1208 1846 populi
1223 1763 1315 1838 ‚Prin

313 1868 410 1949 cipes
424 1865 528 1929 verbis
549 1866 768 1949 spiritualibus
789 1866 906 1929 affatus
926 1873 984 1943 est,
1007 1886 1123 1949 eosque
1146 1866 1187 1929 ad
1207 1874 1323 1930 varam

313 1970 488 2052 agnitionis
502 1969 586 2032 viam
607 1976 639 2033 et
655 1969 880 2052 intelligentiae
893 1969 999 2032 lucem
1013 1969 1202 2052 provocavit,
1219 1992 1315 2053 quam

312 2074 391 2136 olim
421 2080 496 2136 ante
525 2073 666 2137 maxima
695 2074 854 2156 siquidem
883 2095 922 2136 ex
950 2079 1041 2156 parte
1063 2071 1165 2156 pravis
1192 2073 1315 2137 seducti

314 2176 509 2240 Doctoribus
527 2176 748 2259 perdiderunt.
795 2176 908 2240 Sedet
926 2175 1113 2240 Sacerdotes
1133 2183 1166 2240 et
1181 2175 1315 2260 Presby-

313 2287 409 2357 ter0S,
433 2300 569 2361 quorum
592 2279 647 2343 alii
668 2278 817 2361 religioso
839 2279 902 2342 Dei
923 2301 956 2342 se
979 2279 1208 2362 omnipotentis
1225 2279 1315 2342 cultu

313 2383 535 2446 incaluerunt:
559 2382 613 2445 alii
635 2383 764 2465 quidem
786 2383 957 2446 fornicaria
978 2382 1189 2446 contaminati
1213 2383 1316 2466 pollu-

312 2486 411 2564 tione,
431 2486 627 2549 castimoniae
649 2486 894 2564 continentiam,
914 2508 1010 2570 quam
1031 2485 1127 2550 sacris
1145 2487 1316 2571 servientes

313 2589 468 2652 altaribus
506 2611 629 2652 servare
667 2589 858 2667 debuerunt,
897 2590 1079 2669 amiserant,
1118 2590 1317 2654 sermonibus

313 2692 514 2774 Evangelicis
544 2700 702 2775 quantum
730 2693 847 2775 potuit,
879 2715 898 2756 a
926 2693 1057 2757 malitiae
1085 2694 1242 2777 pravitate
1276 2693 1318 2756 ad

313 2796 475 2859 canonicae
503 2795 743 2859 constitutionis
772 2796 1001 2860 rectitudinem
1030 2799 1176 2876 correxit,
1207 2797 1316 2860 admo·

312 2899 458 2982 nuitque,
479 2906 577 2983 atque
596 2898 760 2976 instruxit,
779 2906 812 2962 et
832 2900 1001 2963 Franciam
1019 2900 1144 2979 deinde,
1164 2901 1317 2964 fratribus

315 3024 424 3065 secum
446 3002 713 3080 commeantibus,
736 3002 899 3085 ingressus
922 3010 988 3066 est:
1012 3003 1186 3086 statimque
1208 3005 1318 3067 audita

314 3100 463 3169 Radbodi
478 3098 648 3169 Fresorum
659 3105 759 3188 Regis
774 3113 879 3168 morte
895 3106 1021 3168 alveum
1036 3106 1166 3188 quidem
1177 3107 1318 3170 fluminis

312 3231 434 3292 *magno
457 3209 585 3292 gavisus
608 3209 725 3292 gaudio
748 3209 875 3292 navigio
905 3208 1058 3286 ascendit,
1089 3216 1203 3292 optans
1233 3211 1319 3292 quod

314 3314 414 3376 etiam
429 3314 539 3376 Fresia
558 3313 728 3396 recepisset
748 3312 882 3376 verbum
898 3311 970 3391 Dei,
987 3313 1027 3376 ad
1043 3312 1181 3376 incultas
1197 3313 1319 3377 coelesti

315 3416 540 3499 praedicatione
569 3423 671 3480 terras
693 3416 848 3499 pervenit,
868 3416 1000 3499 jamque
1030 3416 1145 3480 atrocis
1174 3424 1319 3482 cessante

316 3519 414 3602 Regis
437 3520 584 3583 Radbodi
603 3520 835 3603 persecutione,
860 3521 1014 3584 doctrinae
1037 3520 1174 3585 coelestis
1196 3522 1320 3586 semina

316 3623 530 3686 ministravit:
568 3631 601 3686 et
635 3623 724 3686 verbi
759 3623 821 3686 Dei
854 3623 939 3687 fame
968 3624 1110 3706 expulsa,
1140 3624 1319 3690 famelicam

317 3727 487 3808 Paganicae
502 3727 737 3809 superstitionis
760 3727 1004 3790 multitudinem
1022 3736 1150 3792 aeternae
1167 3730 1318 3812 praedica-

316 3829 413 3893 tionis
442 3829 552 3893 refecit
581 3829 709 3913 pabulo.
737 3877 740 3883 -
769 3830 917 3914 Cumque
947 3831 1156 3896 desiderantis
1185 3840 1318 3916 repente

315 3940 459 3997 mentem
474 3940 669 4016 spontaneus
685 3933 789 4016 operis
804 3942 992 4017 sequeretur
1007 3934 1150 4012 effectus,
1167 3943 1199 3998 et
1214 3937 1319 3999 votiva

315 4038 550 4120 praedestinata
576 4037 730 4101 doctrinae
751 4037 819 4114 lux,
841 4037 983 4102 Domino
1013 4038 1083 4101 Deo
1113 4036 1318 4120 dispensante

316 4141 523 4204 claresceret:
561 4140 730 4223 Carolique
757 4140 857 4204 Ducis
882 4141 1011 4224 gloriosi
1041 4162 1134 4224 super
1163 4142 1318 4205 Fresones

316 4244 502 4308 roboratum
523 4253 605 4308 esset
628 4245 809 4327 imperium,
828 4245 897 4330 jam
914 4244 1052 4309 buccina
1073 4243 1209 4308 coelestis
1230 4244 1319 4309 verbi

317 4347 486 4431 increpuit,
517 4355 550 4412 et
585 4348 830 4431 praedicatorum
861 4348 1050 4412 adveniente
1079 4347 1209 4430 superni
1237 4349 1318 4412 roris

317 4451 483 4515 fertilitate
508 4473 568 4514 vox
593 4453 755 4516 intonuit:
789 4451 851 4516 Dei
873 4452 970 4516 etiam
992 4472 1049 4534 per
1074 4451 1319 4516 Willibrordum

318 4556 422 4617 virum
442 4555 654 4618 venerabilem
675 4576 711 4619 ac
729 4563 950 4639 cooperatores
972 4556 1040 4640 ejus
1062 4563 1255 4640 propagatus
1270 4564 1319 4620 est
