3259 5467
319 658 381 722 106
589 677 769 721 0011111011
787 676 1050 720 aacmnmscom

318 817 414 881 Filios
445 817 565 896 docete,
596 824 633 880 ut
664 816 772 880 Deum
802 817 949 895 timeant,
980 816 1136 881 familiam
1166 819 1321 883 similiter.

317 921 488 985 Discordes
509 928 631 1004 pacate.
654 920 709 1003 qui
732 941 845 983 causas
867 920 968 998 audit,
988 921 1076 1004 juste
1100 922 1237 1006 judicet,
1253 946 1321 987 mu-

316 1045 396 1087 nera
418 1045 486 1087 non
512 1024 657 1106 accipiat,
683 1022 759 1106 quia
788 1043 925 1086 munera
955 1022 1122 1088 obcoecant
1152 1025 1253 1090 etiam
1277 1047 1323 1090 sa·

317 1127 451 1209 pientes.

360 1233 392 1293 4.
415 1230 512 1294 Diem
534 1229 732 1294 dominicum
754 1229 931 1309 observate,
956 1230 996 1293 ad
1019 1230 1186 1293 ecclesiam
1210 1252 1322 1295 conve-

317 1332 395 1410 nite,
420 1331 467 1396 ibi
493 1338 621 1396 orantes
651 1337 684 1395 et
707 1353 775 1396 non
804 1331 1047 1396 verbositantes,
1093 1332 1323 1418 Eleemosynas

316 1437 392 1500 date
411 1438 506 1521 juxta
531 1437 623 1515 vires,
649 1436 724 1519 quia
746 1437 828 1499 sicut
853 1457 935 1518 aqua
960 1436 1114 1517 eetiapuit
1139 1437 1251 1518 amm,
1277 1439 1324 1500 ita

317 1541 505 1622 ebremoeyna
543 1541 697 1621 eatinqait
730 1545 903 1620 peccatum.
965 1538 1151 1622 Hospitales
1185 1539 1322 1604 invicem

316 1643 503 1725 peregrinos
524 1643 682 1726 suscipite,
698 1642 843 1706 infirmos
863 1641 1000 1720 visitate,
1015 1641 1119 1706 viduis
1140 1647 1173 1705 et
1194 1641 1322 1726 pupillis

200 1771 212 1796 ·
317 1745 508 1825 ministrate,
529 1747 669 1827 decimas
690 1744 816 1810 reddite
838 1744 989 1822 ecclesiis,
1008 1750 1041 1808 et
1065 1744 1151 1828 quod
1172 1745 1235 1809 tibi
1256 1767 1323 1809 non

316 1850 374 1928 vis,
390 1850 444 1913 alii
458 1871 499 1914 ne
514 1850 621 1928 facias.
666 1849 773 1913 Deum
795 1848 901 1912 solum
920 1848 1041 1931 ubique
1060 1847 1185 1911 timete.
1234 1848 1322 1912 Servi

317 1953 439 2017 subditi
461 1959 563 2017 estote
586 1953 735 2031 dominis,
751 1959 785 2016 et
808 1950 932 2015 domini
950 1951 1113 2034 justitiam
1135 1959 1321 2014 conservate

317 2057 424 2121 servis.
470 2057 660 2121 Orationem
680 2055 875 2120 dominicam
895 2061 929 2118 et
949 2054 1132 2139 symbolum
1152 2059 1274 2132 tenete,
1290 2061 1321 2116 et

316 2163 390 2226 filiis
401 2163 513 2226 vestris
524 2163 643 2226 tradite
655 2167 688 2227 et
702 2161 809 2225 filiolis
824 2160 947 2240 vestris,
959 2182 1098 2244 quorum
1111 2159 1148 2223 in
1161 2156 1321 2244 baptismo

317 2265 518 2348 fidejussores
539 2256 700 2329 estitistis.
746 2264 914 2348 Jejunium
935 2270 1052 2342 amate,
1067 2263 1232 2347 justitiam
1252 2262 1320 2325 dili·

318 2367 395 2449 gite,
411 2367 538 2431 diabolo
552 2368 701 2446 resistite,
717 2366 944 2431 eucharistiam
959 2387 1017 2449 per
1030 2372 1177 2449 tempora
1192 2365 1319 2428 sumite.

318 2467 399 2532 Haec
414 2477 491 2532 sunt
506 2491 603 2553 opera
613 2493 685 2554 quae
700 2471 790 2534 Deus
802 2470 900 2554 jussit
911 2470 1015 2534 facere
1031 2475 1064 2533 et
1080 2489 1278 2547 conservare,
1289 2474 1320 2531 et

316 2570 366 2634 bis
382 2572 507 2635 similia.

361 2678 391 2738 5.
415 2676 600 2740 Venturum
625 2677 791 2741 Christum
815 2677 946 2756 credite,
973 2683 1006 2741 et
1030 2676 1136 2741 carnis
1162 2696 1319 2740 resurrec-

316 2778 450 2858 tionem,
476 2786 510 2843 et
529 2780 689 2864 judicium
712 2781 859 2845 omnium
882 2781 1063 2846 hominum.
1120 2779 1175 2843 Ibi
1205 2779 1319 2843 discer-

316 2887 441 2945 nuntur
455 2882 546 2966 impii
566 2884 602 2948 in
623 2885 734 2967 ignem
754 2892 923 2964 aetemum,
935 2884 1017 2968 justi
1039 2889 1150 2948 autem
1171 2881 1319 2946 invitam

316 2991 481 3051 aeternam.
526 2987 579 3052 Ibi
600 2998 649 3052 est
671 2987 736 3052 vita
759 3009 835 3052 cum
858 2989 930 3052 Deo
954 2987 1022 3050 sine
1045 2993 1160 3065 morte,
1175 2986 1230 3050 lux
1253 2986 1319 3049 sine

315 3088 469 3169 tenebris,
500 3091 585 3154 salus
620 3091 690 3155 sine
724 3090 926 3174 aegritudine,
956 3088 1091 3154 satietas
1122 3088 1192 3153 sine
1225 3089 1319 3166 farne,

315 3191 450 3256 felicitas
465 3193 534 3258 sine
548 3194 674 3273 timore,
691 3194 848 3276 gaudium
863 3194 932 3257 sine
947 3192 1089 3269 tristitia.
1116 3191 1183 3270 ,Ibi
1199 3201 1319 3257 aeterna

315 3294 426 3375 gloria,
441 3297 488 3360 ibi
506 3296 679 3380 fulgebunt
695 3297 775 3381 justi
794 3296 876 3360 sient
897 3297 954 3375 sol,
970 3295 1122 3379 quoniam
1138 3297 1246 3358 oculus
1260 3315 1319 3358 non

314 3399 403 3477 vidit,
419 3420 475 3462 aec
489 3401 576 3462 aeris
590 3401 719 3478 audivit,
732 3420 787 3464 uec
801 3402 836 3463 in
850 3420 904 3463 cor
918 3400 1049 3463 bominis
1063 3399 1213 3477 00000άὶ1,
1225 3419 1318 3481 quan

315 3505 381 3562 tum
388 3504 582 3582 properauit
597 3504 686 3565 Deua
700 3503 898 3584 diliqenta'bus
912 3523 954 3566 ae.

359 3603 391 3665 6.
416 3604 491 3668 Hoc
520 3604 619 3668 etiam
655 3626 710 3668 vos
742 3627 869 3685 moneo,
898 3606 1014 3670 fratres
1048 3603 1215 3684 carissimi,
1246 3605 1319 3687 qnia

314 3705 433 3769 natalis
458 3707 592 3772 Domini
620 3707 779 3788 imminet,
804 3716 843 3773 ut
869 3707 1057 3773 abstineatis
1083 3728 1138 3772 vos
1161 3706 1204 3771 ab
1230 3706 1317 3772 omni

315 3807 444 3871 luxuria
468 3815 501 3873 et
526 3810 567 3874 ab
592 3811 681 3874 omni
704 3810 926 3892 fornicatione,
942 3818 975 3876 et
1002 3811 1043 3876 ab
1065 3810 1156 3874 omni
1177 3809 1317 3874 immun-

315 3911 404 3990 ditia,
431 3919 464 3976 ct
487 3911 528 3976 ab
552 3913 703 3977 omnibus
733 3915 880 3998 operibus
904 3914 1008 3979 malis.
1053 3912 1263 3978 Iracundiam
1286 3917 1317 3975 et

313 4015 424 4078 odium
439 4021 472 4080 et
493 4016 647 4080 invidiam
674 4017 763 4082 velut
786 4039 947 4083 venenum
971 4019 1011 4081 de
1034 4015 1148 4082 vestris
1168 4014 1317 4080 cordibus

312 4119 463 4201 respuite.
522 4118 714 4184 Castitatem
749 4122 849 4187 etiarn
882 4143 957 4186 cum
992 4119 1129 4204 propriis
1165 4117 1318 4182 uxoribus

313 4228 509 4289 conservate.
555 4224 679 4290 Ornate
698 4247 752 4290 vos
771 4224 865 4289 bonis
884 4223 1043 4309 operibus.
1088 4222 1317 4306 Eleemosynas

313 4327 507 4409 pauperibus
523 4327 645 4392 Christi
665 4336 804 4412 erogate.
849 4329 904 4392 Ad
922 4328 1067 4393 convivia
1080 4325 1222 4391 lautiore
1240 4345 1315 4408 pan·

312 4447 404 4510 peres
418 4429 604 4514 frequenter
617 4440 773 4498 revocate.
820 4433 937 4498 Pacem
951 4452 1026 4496 cum
1043 4429 1195 4494 omnibus
1210 4433 1314 4492 custo·
