3259 5467
516 678 559 722 ar
575 679 742 725 uanrrars
758 683 930 726 concurs.
1180 673 1221 733 25

219 775 301 879 num
322 823 446 882 statuta
469 819 508 882 de
528 821 735 885 conciliandis
758 824 991 906 poenitentibus
1012 827 1149 909 pleniter
1166 828 1221 892 ob-

220 939 368 985 servare:
404 928 574 1005 propterea
607 925 739 989 omnino
774 947 840 990 non
870 927 1062 993 dimittatur.
1122 931 1223 997 Curet

219 1024 443 1108 unusquisque
463 1025 630 1110 presbyter
650 1028 760 1092 statim
780 1037 853 1112 post
868 1038 1032 1114 acceptam
1054 1034 1222 1100 confessio·

219 1145 297 1188 nem
320 1127 558 1210 poenitentium,
581 1130 725 1213 singulos
749 1131 825 1196 data
847 1134 991 1198 oratione
1013 1138 1222 1204 reconciliari.

219 1227 440 1295 Morientibus
455 1253 529 1296 vero
544 1232 613 1296 sine
636 1235 842 1299 cunctamine
857 1238 1041 1303 communio
1062 1247 1096 1305 et
1109 1261 1221 1307 recon-

219 1331 340 1396 ciliatio
354 1334 545 1417 praebeatur.
1255 1402 1269 1425 ‚⁹

263 1435 410 1502 XXXII.
433 1439 500 1505 Qui
528 1441 754 1522 poenitentiam
782 1441 818 1505 iu
846 1443 1035 1510 infirmitate
1064 1446 1155 1529 petit,
1187 1453 1221 1511 et

218 1558 305 1617 casu,
327 1539 406 1604 dum
427 1543 470 1606 ad
490 1564 565 1607 eum
588 1544 733 1608 sacerdos
755 1545 910 1610 invitatus
931 1548 1029 1626 venit,
1052 1548 1221 1632 oppressus
1264 1616 1269 1628 ,

218 1640 408 1707 infirmitate
427 1644 635 1724 obmutuerit,
651 1648 701 1711 vel
718 1647 753 1710 in
768 1648 952 1731 phrenesim
973 1672 1083 1715 versus
1104 1653 1219 1716 fuerit:

218 1743 299 1809 dent
318 1749 542 1813 testimonium
564 1751 620 1833 qui
635 1771 709 1814 eum
728 1751 898 1832 audierint,
915 1760 948 1818 et
966 1755 1100 1838 accipiat
1117 1757 1220 1838 poeni-

217 1848 375 1914 tentiam:
398 1858 431 1915 et
446 1852 473 1915 si
481 1853 635 1918 continuo
650 1853 792 1918 creditur
801 1855 985 1935 moriturus,
995 1859 1220 1923 reconcilietur

216 1973 276 2035 per
290 1976 405 2018 manus
424 1955 671 2038 impositionem,
687 1965 720 2021 et
742 1958 934 2023 infundatur
948 1961 996 2023 ori
1018 1961 1087 2042 ejus
1103 1961 1218 2025 eucha-

216 2055 318 2121 ristia.
365 2057 401 2122 Si
418 2059 636 2143 supervixerit,
661 2059 874 2124 admoneatur
897 2082 916 2123 a
942 2062 1132 2144 supradictis
1155 2069 1218 2126 tes-

215 2158 305 2223 tibus
334 2162 483 2245 petitioni
512 2183 578 2226 suae
607 2162 817 2242 satisfactum,
843 2171 875 2227 et
905 2163 1063 2229 subdatur
1088 2167 1218 2230 statutis

215 2244 425 2347 poenitcntiae,
444 2266 598 2349 quamdiu
618 2267 774 2345 sacerdos,
796 2267 852 2350 qui
871 2268 1096 2351 poenitentiam
1118 2268 1218 2347 dedit,

214 2366 405 2451 probaverit.

259 2470 423 2538 XXXIII.
448 2473 483 2537 Si
503 2473 574 2557 quis
589 2473 755 2557 presbyter
774 2481 832 2539 aut
851 2475 984 2539 clericus
1007 2477 1150 2558 auguria,
1166 2478 1217 2542 vel

214 2578 437 2657 divinationes,
454 2584 511 2641 aut
526 2576 660 2655 somnia,
676 2577 742 2641 sive
757 2584 870 2656 sortes,
886 2599 943 2642 seu
957 2578 1165 2663 phylacteria,
1181 2581 1218 2644 id·

213 2690 274 2762 est,
289 2682 473 2766 scripturas,
484 2681 714 2746 observaverit:
739 2681 820 2745 sciat
831 2703 865 2745 se
879 2703 1041 2746 canonum
1053 2683 1215 2769 subjacere

212 2787 374 2851 vindictis.

257 2892 415 2957 XXXIV.
439 2892 482 2956 Et
516 2891 577 2955 hoc
611 2896 725 2954 notum
759 2891 879 2955 facient
912 2892 1090 2974 presbyteri
1125 2895 1215 2957 omni

212 2996 342 3080 populo,
365 3002 404 3059 ut
434 2993 567 3058 sabbato
595 3001 807 3078 pentecostes,
832 2995 915 3058 sicut
939 2995 1074 3060 sabbato
1103 3004 1215 3060 sancto

211 3100 350 3184 paschae,
376 3119 489 3162 omnes
508 3098 678 3181 jejunent:
706 3104 739 3161 et
765 3097 806 3161 ad
833 3097 999 3162 ecclesiam
1023 3098 1103 3162 hora
1127 3120 1214 3162 noua

210 3202 415 3280 conveniant,
436 3201 565 3285 quando
585 3201 668 3264 sicut
687 3207 928 3283 vesperascente
949 3200 1082 3264 sabbato
1102 3208 1213 3264 sancto

210 3307 339 3392 paschae
354 3305 554 3370 celebratur:
576 3310 610 3368 et
624 3304 731 3388 ipsum
746 3304 832 3368 diem
850 3310 1051 3387 pentecostes
1066 3303 1214 3367 similiter

209 3410 456 3477 celeberrimum
469 3408 621 3486 habeant,
637 3414 675 3470 ut
690 3414 839 3472 sanctum
853 3406 989 3490 paschae.

254 3514 394 3579 XXXV.
416 3513 601 3578 Admoneat
611 3511 708 3575 etiam
720 3511 942 3596 unusquisque
953 3510 1212 3595 presbyterorum

210 3619 339 3704 publice
370 3615 507 3701 plebem,
537 3615 578 3680 ab
612 3615 732 3679 illicitis
765 3614 935 3679 connubiis
965 3614 1143 3680 abstinere:
1176 3622 1209 3679 et

207 3720 390 3788 secundum
418 3719 553 3783 Domini
580 3718 782 3795 mandatum,
812 3717 995 3800 legitimum
1023 3718 1212 3802 conjugium

209 3845 415 3910 nequaquam
428 3843 521 3907 posse
535 3822 603 3886 ulla
616 3822 781 3886 occasione
804 3821 953 3905 separari,
969 3829 1101 3905 excepta
1115 3843 1211 3886 causa

207 3928 439 4005 fornicationis,
474 3925 538 3990 nisi
566 3947 641 3989 cum
670 3946 830 3989 consensu
858 3923 1049 3989 amborum:
1088 3931 1120 3988 et
1149 3923 1210 3988 hoc

206 4039 339 4118 propter
353 4030 518 4095 servitium
532 4030 605 4094 Dei.

250 4133 410 4203 XXXVI.
437 4133 647 4198 Adnuncient
682 4130 860 4216 presbyteri
890 4133 1001 4196 diebus
1030 4129 1209 4195 Dominicis

205 4263 263 4326 per
278 4261 402 4306 annum
417 4235 692 4303 sabbatizandum.
