3259 5467
605 725 645 767 rr
661 724 836 767 1111111111
853 724 1023 768 concrum.
1273 706 1313 767 19

310 892 420 936 sorore
443 870 551 935 uxoris
573 877 648 949 tuae,
668 891 736 934 non
760 891 834 934 cum
858 877 1059 935 menstruata
1079 871 1222 949 muliere,
1245 890 1312 934 non

311 996 388 1039 eum
402 996 501 1039 uxore
515 973 660 1058 proximi,
675 995 743 1037 non
763 994 838 1038 oum
857 974 982 1038 duabus
1002 975 1098 1038 simul
1114 973 1313 1051 mulieribus,

312 1079 378 1143 sive
393 1079 517 1143 ancillae
532 1079 607 1157 sint,
624 1077 688 1142 sive
702 1077 833 1156 liberae3
857 1099 914 1142 seu
928 1078 1029 1142 libera
1043 1087 1075 1143 et
1090 1078 1222 1142 ancilla:
1245 1099 1314 1141 non

312 1202 388 1245 cum
411 1182 553 1246 masculo
576 1184 665 1245 coitu
686 1180 848 1260 foemineo,
869 1204 936 1246 non
955 1203 1029 1246 cum
1048 1203 1161 1265 pecore
1185 1182 1311 1264 aliquo:

312 1307 381 1349 non
395 1306 471 1349 curn
488 1306 582 1350 socru
600 1293 667 1348 tua.
712 1284 790 1348 Non
810 1285 926 1349 mulier
942 1285 1128 1350 succumbat
1144 1285 1294 1370 jumento
1303 1309 1313 1361 ;

312 1411 381 1454 non
399 1389 448 1453 vir
470 1409 544 1453 cum
567 1388 633 1451 filia
655 1395 688 1453 et
711 1395 832 1452 matre:
865 1411 931 1453 non
952 1409 1026 1453 cum
1045 1409 1144 1453 uxore
1164 1386 1314 1452 avunculi

311 1492 372 1556 tui.
417 1492 506 1556 Dicit
528 1492 625 1556 etiam
646 1491 685 1555 de
705 1491 869 1556 sacerdote
888 1492 1015 1556 futuro:
1039 1513 1106 1556 non
1125 1513 1200 1556 oum
1219 1511 1313 1573 repu-

313 1594 402 1659 diata
424 1617 444 1658 a
464 1596 590 1674 marito,
612 1616 680 1659 non
704 1616 779 1659 cum
803 1601 917 1674 scorto,
940 1617 1007 1659 non
1033 1617 1108 1659 cum
1128 1594 1234 1673 vidua,
1258 1593 1314 1657 sed

313 1697 447 1780 virgine.
500 1699 593 1776 Ecce,
620 1697 792 1776 carissimi,
821 1699 947 1780 qualem
974 1697 1015 1762 ad
1039 1720 1094 1762 vos
1119 1696 1314 1779 legationem

313 1800 513 1884 perferimus,
528 1823 596 1865 uon
610 1801 849 1884 cujuscumque,
866 1801 920 1884 qui
939 1802 1042 1884 pretio
1061 1801 1161 1884 possit
1180 1799 1295 1864 redimi
1303 1825 1313 1878 ;

314 1903 371 1966 sed
386 1904 478 1987 eujus
493 1903 643 1987 sanguini
657 1925 716 1987 pro
730 1903 819 1967 vobis
834 1903 906 1967 fuso
921 1905 997 1968 estis
1012 1903 1151 1967 obnoxii.
1192 1902 1314 1966 Admo-

314 2026 431 2069 nemus
446 2006 651 2071 sanctitatem
665 2013 814 2084 vestram,
829 2006 924 2070 vivite
944 2026 1018 2070 cum
1038 2005 1229 2089 conjugibus
1246 2004 1314 2068 lici-

313 2109 375 2172 tis:
397 2109 494 2172 vivite
508 2109 722 2174 continenter.
767 2109 875 2173 Nemo
895 2131 929 2174 se
948 2110 1082 2174 ulterius
1101 2109 1232 2172 inlicitis
1246 2130 1314 2172 ma-

315 2212 411 2277 culet.
458 2212 563 2277 Nemo
577 2212 696 2277 talibus
711 2213 849 2277 sociatus
867 2221 943 2277 ante
961 2213 1159 2297 poenitentiae
1179 2211 1314 2295 dignum

316 2315 483 2379 servitium
514 2316 555 2379 ad
583 2317 668 2380 tanti
694 2317 828 2381 Domini
854 2338 968 2401 corpus
995 2317 1144 2381 accedat:
1180 2337 1221 2380 ne
1247 2337 1314 2379 non

315 2417 505 2497 remedium,
532 2419 589 2483 sed
613 2420 730 2482 vulnus
756 2419 899 2503 accipiat.
955 2419 1040 2485 Quia
1069 2420 1155 2503 quod
1182 2420 1315 2502 indigne

316 2522 464 2596 sumitur,
487 2543 583 2605 poena
608 2528 666 2601 est,
690 2544 758 2586 non
783 2523 918 2587 medela.
972 2523 1144 2602 Carissimi,
1168 2522 1314 2587 homines

316 2646 428 2687 sumus
447 2625 534 2708 pleni
554 2625 772 2709 squaloribus:
796 2634 830 2689 et
850 2634 959 2689 tamen
979 2627 1129 2690 nolumus
1150 2626 1189 2690 ab
1209 2626 1314 2709 inqui-

315 2727 402 2792 natis
421 2727 567 2792 membra
585 2736 697 2792 nostra
716 2729 879 2811 contingi:
906 2737 939 2792 et
959 2730 1117 2793 credimus
1139 2729 1222 2812 quod
1243 2730 1314 2792 uui-

317 2830 446 2913 genitus
462 2830 525 2894 Dei
538 2831 623 2895 filius
643 2839 828 2895 nostrorum
847 2831 1017 2895 criminum
1040 2832 1147 2895 sordes
1166 2831 1202 2894 in
1220 2853 1315 2894 suum

316 2954 432 3016 corpus
451 2932 590 2997 libenter
607 2934 768 3018 excipiat?
806 2935 945 3013 Fratres,
961 2956 1033 2999 ecce
1051 2956 1107 2998 rex
1126 2941 1244 3012 noster,
1261 2934 1316 3016 qui

317 3057 377 3099 nos
403 3035 518 3119 dignos
543 3036 604 3099 hac
626 3036 787 3119 legatione
813 3036 956 3114 credidit,
980 3046 1053 3120 post
1078 3058 1136 3100 nos
1162 3036 1316 3099 continuo

317 3137 480 3222 sequitur:
503 3159 652 3222 paremus
667 3139 696 3202 ci
711 3139 849 3203 mundas
865 3139 979 3203 domus
999 3146 1134 3215 nostras,
1150 3139 1267 3201 sicum
1280 3138 1315 3200 in

316 3241 395 3324 ipsis
410 3241 594 3324 corporibus
608 3243 727 3306 nostris
740 3243 887 3319 volumus
901 3242 1055 3305 habitare.

362 3344 527 3427 Rogamus
555 3366 620 3424 vos,
649 3346 812 3409 Carissimi
841 3346 908 3424 filii,
935 3367 1085 3429 rogamus
1114 3366 1169 3408 vos
1197 3344 1316 3407 viscera

318 3454 438 3511 sanctae
457 3447 569 3512 matris
589 3449 738 3527 eeclesiae,
757 3456 794 3512 ut
818 3450 872 3532 qui
895 3449 1001 3512 soletis
1022 3449 1109 3531 leges
1129 3448 1236 3513 saeculi
1253 3449 1316 3511 for·

318 3549 451 3629 midare,
472 3551 577 3633 legem
601 3553 664 3616 Dei
686 3553 789 3616 nostri
812 3553 923 3616 audire
946 3553 1106 3635 patienter
1129 3552 1315 3635 dignemini.

318 3653 381 3716 Ille
401 3660 459 3730 est,
476 3655 531 3737 qui
551 3655 592 3718 ad
605 3677 661 3719 vos
679 3677 737 3739 per
754 3656 875 3738 linguae
894 3664 1012 3719 nostrae
1032 3656 1196 3720 servitium
1214 3655 1316 3738 loqui-

318 3763 394 3820 tur:
424 3756 516 3840 cujus
538 3759 634 3841 paulo
659 3765 735 3822 ante
759 3759 920 3842 paschalia
944 3760 1099 3823 beneficia
1124 3759 1315 3823 celebrastis.

318 3859 388 3924 Qui
406 3861 576 3943 unigenito
596 3884 654 3927 suo
674 3863 889 3926 intermunus
909 3864 1168 3947 persequentium
1188 3883 1317 3945 parcere

319 3964 436 4042 noluit,
452 3973 490 4027 ut
510 3987 568 4028 nos
587 3966 623 4030 in
641 3966 865 4031 haereditatem
880 3966 1073 4030 adscriberet
1087 3967 1235 4029 filiorum.
1282 3966 1318 4029 Si

321 4067 495 4148 agnovistis
511 4078 669 4150 quantum
683 4070 776 4133 nobis
796 4093 914 4134 munus
934 4071 969 4132 in
988 4071 1134 4153 passione
1154 4071 1222 4152 ejus
1237 4090 1317 4152 pree-

316 4171 446 4248 stitum,
462 4171 595 4235 celerius
614 4174 713 4257 ipsius
734 4174 842 4238 audite
861 4183 1074 4258 praeceptum:
1101 4195 1142 4236 ne
1158 4173 1236 4235 dum
1249 4174 1318 4256 jus·

321 4274 465 4338 sionibus
488 4275 556 4360 ejus
577 4276 797 4352 inobedientes
819 4278 993 4356 existimus,
1016 4278 1135 4360 ingrati
1157 4276 1318 4340 beneficiis

319 4378 511 4463 judicemur.
556 4380 634 4444 Non
649 4387 698 4444 est
718 4381 862 4460 dubium,
878 4381 936 4443 filii
951 4379 1122 4460 Carissimi,
1139 4401 1207 4444 esse
1224 4402 1319 4466 quos-

323 4481 408 4560 dam,
429 4489 526 4565 atque
549 4484 676 4547 utinam
698 4505 826 4567 paucos,
848 4484 903 4567 qui
926 4484 966 4548 de
989 4490 1100 4547 nostra
1121 4483 1319 4567 negligentia

324 4593 570 4668 conquerantur,
584 4609 681 4670 quare
695 4587 819 4651 tardius
834 4587 945 4651 salutis
959 4596 1072 4651 vestrae
1087 4587 1227 4651 remedia
1240 4607 1319 4670 prae·
