<?xml version="1.0" encoding="UTF-8"?>
<!DOCTYPE html PUBLIC "-//W3C//DTD XHTML 1.0 Transitional//EN"
    "http://www.w3.org/TR/xhtml1/DTD/xhtml1-transitional.dtd">
<html xmlns="http://www.w3.org/1999/xhtml" xml:lang="en" lang="en">
 <head>
  <title>
</title>
<meta http-equiv="Content-Type" content="text/html;charset=utf-8" />
  <meta name='ocr-system' content='tesseract 3.04.00' />
  <meta name='ocr-capabilities' content='ocr_page ocr_carea ocr_par ocr_line ocrx_word'/>
</head>
<body>
  <div class='ocr_page' id='page_1' title='image "./operaquaeextant00bonigoog_0126.png"; bbox 0 0 3259 5467; ppageno 0'>
   <div class='ocr_carea' id='block_1_1' title="bbox 357 1329 1279 1600">
    <p class='ocr_par' dir='ltr' id='par_1_1' title="bbox 357 1329 1279 1600">
     <span class='ocr_line' id='line_1_1' title="bbox 357 1329 1279 1423; baseline 0.005 -22"><span class='ocrx_word' id='word_1_1' title='bbox 357 1329 551 1404; x_wconf 85' lang='lat' dir='ltr'>INCIPIT</span> <span class='ocrx_word' id='word_1_2' title='bbox 576 1334 752 1409; x_wconf 87' lang='lat' dir='ltr'>PASSIO</span> <span class='ocrx_word' id='word_1_3' title='bbox 781 1336 818 1411; x_wconf 86' lang='lat' dir='ltr'>S.</span> <span class='ocrx_word' id='word_1_4' title='bbox 847 1337 1011 1411; x_wconf 91' lang='lat' dir='ltr'>LIVINI</span> <span class='ocrx_word' id='word_1_5' title='bbox 1037 1335 1279 1423; x_wconf 87' lang='lat' dir='ltr'>EPISCOPl,</span> 
     </span>
     <span class='ocr_line' id='line_1_2' title="bbox 632 1524 999 1600; baseline 0.011 -4"><span class='ocrx_word' id='word_1_6' title='bbox 632 1524 697 1598; x_wconf 85' lang='lat' dir='ltr'>ET</span> <span class='ocrx_word' id='word_1_7' title='bbox 720 1526 999 1600; x_wconf 83' lang='lat' dir='ltr'>MARTYRIS.</span> 
     </span>
    </p>
   </div>
   <div class='ocr_carea' id='block_1_2' title="bbox 311 1949 1321 4612">
    <p class='ocr_par' dir='ltr' id='par_1_2' title="bbox 311 1949 1321 4612">
     <span class='ocr_line' id='line_1_3' title="bbox 358 1949 1319 2037; baseline 0.007 -26"><span class='ocrx_word' id='word_1_8' title='bbox 358 1949 524 2012; x_wconf 74' lang='lat' dir='ltr'>&#39;laurona</span> <span class='ocrx_word' id='word_1_9' title='bbox 540 1949 651 2033; x_wconf 84' lang='lat' dir='ltr'>igitur,</span> <span class='ocrx_word' id='word_1_10' title='bbox 667 1971 731 2033; x_wconf 92' lang='lat' dir='ltr'>quo</span> <span class='ocrx_word' id='word_1_11' title='bbox 748 1950 966 2035; x_wconf 86' lang='lat' dir='ltr'>Calomagnus</span> <span class='ocrx_word' id='word_1_12' title='bbox 980 1951 1122 2037; x_wconf 88' lang='lat' dir='ltr'>inclytus</span> <span class='ocrx_word' id='word_1_13' title='bbox 1141 1953 1212 2017; x_wconf 86' lang='lat' dir='ltr'>Rex</span> <span class='ocrx_word' id='word_1_14' title='bbox 1228 1953 1319 2018; x_wconf 87' lang='lat' dir='ltr'>Scot-</span> 
     </span>
     <span class='ocr_line' id='line_1_4' title="bbox 312 2053 1320 2140; baseline 0.003 -23"><span class='ocrx_word' id='word_1_15' title='bbox 312 2075 418 2131; x_wconf 87' lang='lat' dir='ltr'>orum,</span> <span class='ocrx_word' id='word_1_16' title='bbox 440 2054 477 2117; x_wconf 89' lang='lat' dir='ltr'>in</span> <span class='ocrx_word' id='word_1_17' title='bbox 499 2053 692 2118; x_wconf 75' lang='lat' dir='ltr'>Christianae</span> <span class='ocrx_word' id='word_1_18' title='bbox 713 2054 881 2137; x_wconf 85' lang='lat' dir='ltr'>religionis</span> <span class='ocrx_word' id='word_1_19' title='bbox 903 2055 951 2119; x_wconf 94' lang='lat' dir='ltr'>vir</span> <span class='ocrx_word' id='word_1_20' title='bbox 972 2055 1164 2138; x_wconf 83' lang='lat' dir='ltr'>magnificus</span> <span class='ocrx_word' id='word_1_21' title='bbox 1185 2057 1320 2140; x_wconf 91' lang='lat' dir='ltr'>polleret</span> 
     </span>
     <span class='ocr_line' id='line_1_5' title="bbox 311 2156 1321 2241; baseline 0.004 -21"><span class='ocrx_word' id='word_1_22' title='bbox 311 2156 497 2236; x_wconf 54' lang='lat' dir='ltr'>viantibus,</span> <span class='ocrx_word' id='word_1_23' title='bbox 525 2164 557 2220; x_wconf 90' lang='lat' dir='ltr'>et</span> <span class='ocrx_word' id='word_1_24' title='bbox 587 2165 713 2239; x_wconf 89' lang='lat' dir='ltr'>sceptra</span> <span class='ocrx_word' id='word_1_25' title='bbox 737 2158 833 2240; x_wconf 83' lang='lat' dir='ltr'>regni</span> <span class='ocrx_word' id='word_1_26' title='bbox 861 2165 894 2222; x_wconf 93' lang='lat' dir='ltr'>et</span> <span class='ocrx_word' id='word_1_27' title='bbox 924 2159 1096 2241; x_wconf 86' lang='lat' dir='ltr'>imperialis</span> <span class='ocrx_word' id='word_1_28' title='bbox 1126 2159 1321 2224; x_wconf 85' lang='lat' dir='ltr'>monarchiae</span> 
     </span>
     <span class='ocr_line' id='line_1_6' title="bbox 312 2259 1320 2345; baseline 0.002 -21"><span class='ocrx_word' id='word_1_29' title='bbox 312 2260 474 2339; x_wconf 85' lang='lat' dir='ltr'><strong>columen,</strong></span> <span class='ocrx_word' id='word_1_30' title='bbox 497 2259 636 2344; x_wconf 76' lang='lat' dir='ltr'>supemd</span> <span class='ocrx_word' id='word_1_31' title='bbox 660 2260 871 2344; x_wconf 70' lang='lat' dir='ltr'>providentii,</span> <span class='ocrx_word' id='word_1_32' title='bbox 896 2261 1132 2345; x_wconf 84' lang='lat' dir='ltr'>auspicabiliter</span> <span class='ocrx_word' id='word_1_33' title='bbox 1160 2261 1320 2344; x_wconf 87' lang='lat' dir='ltr'>guberna·</span> 
     </span>
     <span class='ocr_line' id='line_1_7' title="bbox 312 2363 1317 2447; baseline 0.001 -21"><span class='ocrx_word' id='word_1_34' title='bbox 312 2370 374 2441; x_wconf 89' lang='lat' dir='ltr'>ret,</span> <span class='ocrx_word' id='word_1_35' title='bbox 390 2369 459 2427; x_wconf 88' lang='lat' dir='ltr'>erat</span> <span class='ocrx_word' id='word_1_36' title='bbox 480 2363 611 2446; x_wconf 89' lang='lat' dir='ltr'>quidam</span> <span class='ocrx_word' id='word_1_37' title='bbox 631 2363 768 2426; x_wconf 86' lang='lat' dir='ltr'>Senator</span> <span class='ocrx_word' id='word_1_38' title='bbox 790 2364 965 2447; x_wconf 85' lang='lat' dir='ltr'>Scotigena</span> <span class='ocrx_word' id='word_1_39' title='bbox 984 2364 1116 2428; x_wconf 90' lang='lat' dir='ltr'>nomine</span> <span class='ocrx_word' id='word_1_40' title='bbox 1131 2363 1317 2447; x_wconf 82' lang='lat' dir='ltr'>Theagnius</span> 
     </span>
     <span class='ocr_line' id='line_1_8' title="bbox 313 2465 1319 2548; baseline 0.001 -19"><span class='ocrx_word' id='word_1_41' title='bbox 313 2465 535 2548; x_wconf 81' lang='lat' dir='ltr'>exspectabili</span> <span class='ocrx_word' id='word_1_42' title='bbox 557 2471 728 2529; x_wconf 86' lang='lat' dir='ltr'>stemmate</span> <span class='ocrx_word' id='word_1_43' title='bbox 748 2466 867 2530; x_wconf 88' lang='lat' dir='ltr'>nativae</span> <span class='ocrx_word' id='word_1_44' title='bbox 889 2466 1068 2530; x_wconf 80' lang='lat' dir='ltr'>nobilitatis</span> <span class='ocrx_word' id='word_1_45' title='bbox 1091 2466 1319 2530; x_wconf 84' lang='lat' dir='ltr'>excellentissi-</span> 
     </span>
     <span class='ocr_line' id='line_1_9' title="bbox 313 2567 1317 2652; baseline 0 -20"><span class='ocrx_word' id='word_1_46' title='bbox 313 2589 398 2646; x_wconf 92' lang='lat' dir='ltr'>mus,</span> <span class='ocrx_word' id='word_1_47' title='bbox 414 2567 514 2651; x_wconf 89' lang='lat' dir='ltr'>ipsius</span> <span class='ocrx_word' id='word_1_48' title='bbox 537 2568 636 2650; x_wconf 85' lang='lat' dir='ltr'>Regis</span> <span class='ocrx_word' id='word_1_49' title='bbox 658 2569 852 2652; x_wconf 88' lang='lat' dir='ltr'>optimatum</span> <span class='ocrx_word' id='word_1_50' title='bbox 875 2569 1038 2652; x_wconf 84' lang='lat' dir='ltr'>Princeps,</span> <span class='ocrx_word' id='word_1_51' title='bbox 1055 2576 1088 2632; x_wconf 90' lang='lat' dir='ltr'>et</span> <span class='ocrx_word' id='word_1_52' title='bbox 1107 2568 1317 2652; x_wconf 86' lang='lat' dir='ltr'>praecunctis</span> 
     </span>
     <span class='ocr_line' id='line_1_10' title="bbox 315 2670 1319 2756; baseline 0.001 -22"><span class='ocrx_word' id='word_1_53' title='bbox 315 2670 428 2734; x_wconf 87' lang='lat' dir='ltr'>aulicis</span> <span class='ocrx_word' id='word_1_54' title='bbox 454 2671 520 2734; x_wconf 90' lang='lat' dir='ltr'>suis</span> <span class='ocrx_word' id='word_1_55' title='bbox 550 2671 733 2735; x_wconf 86' lang='lat' dir='ltr'>archialiter</span> <span class='ocrx_word' id='word_1_56' title='bbox 759 2672 883 2756; x_wconf 82' lang='lat' dir='ltr'>apicem</span> <span class='ocrx_word' id='word_1_57' title='bbox 913 2692 1048 2755; x_wconf 79' lang='lat' dir='ltr'>gerens3</span> <span class='ocrx_word' id='word_1_58' title='bbox 1086 2672 1133 2736; x_wconf 88' lang='lat' dir='ltr'>vir</span> <span class='ocrx_word' id='word_1_59' title='bbox 1159 2678 1319 2750; x_wconf 88' lang='lat' dir='ltr'>strenuus,</span> 
     </span>
     <span class='ocr_line' id='line_1_11' title="bbox 315 2774 1319 2858; baseline 0 -20"><span class='ocrx_word' id='word_1_60' title='bbox 315 2774 550 2858; x_wconf 83' lang='lat' dir='ltr'>Regaliumque</span> <span class='ocrx_word' id='word_1_61' title='bbox 572 2782 768 2839; x_wconf 90' lang='lat' dir='ltr'>secretorum</span> <span class='ocrx_word' id='word_1_62' title='bbox 791 2775 961 2840; x_wconf 90' lang='lat' dir='ltr'>summista</span> <span class='ocrx_word' id='word_1_63' title='bbox 981 2775 1161 2839; x_wconf 90' lang='lat' dir='ltr'>industrius</span> <span class='ocrx_word' id='word_1_64' title='bbox 1180 2782 1214 2838; x_wconf 89' lang='lat' dir='ltr'>et</span> <span class='ocrx_word' id='word_1_65' title='bbox 1232 2797 1319 2838; x_wconf 92' lang='lat' dir='ltr'>sum·</span> 
     </span>
     <span class='ocr_line' id='line_1_12' title="bbox 314 2877 1320 2963; baseline -0.001 -22"><span class='ocrx_word' id='word_1_66' title='bbox 314 2899 378 2941; x_wconf 87' lang='lat' dir='ltr'>mae</span> <span class='ocrx_word' id='word_1_67' title='bbox 402 2878 583 2961; x_wconf 85' lang='lat' dir='ltr'>prudentiae</span> <span class='ocrx_word' id='word_1_68' title='bbox 609 2878 893 2963; x_wconf 88' lang='lat' dir='ltr'>compositionibus</span> <span class='ocrx_word' id='word_1_69' title='bbox 918 2880 1015 2962; x_wconf 84' lang='lat' dir='ltr'>longe</span> <span class='ocrx_word' id='word_1_70' title='bbox 1039 2879 1168 2960; x_wconf 88' lang='lat' dir='ltr'>lateque</span> <span class='ocrx_word' id='word_1_71' title='bbox 1192 2877 1320 2962; x_wconf 88' lang='lat' dir='ltr'>loquaci</span> 
     </span>
     <span class='ocr_line' id='line_1_13' title="bbox 313 2979 1319 3064; baseline 0.001 -21"><span class='ocrx_word' id='word_1_72' title='bbox 313 3001 454 3060; x_wconf 91' lang='lat' dir='ltr'>rumore,</span> <span class='ocrx_word' id='word_1_73' title='bbox 469 2981 620 3064; x_wconf 86' lang='lat' dir='ltr'>perlatus.</span> <span class='ocrx_word' id='word_1_74' title='bbox 667 2979 794 3045; x_wconf 86' lang='lat' dir='ltr'>Habuit</span> <span class='ocrx_word' id='word_1_75' title='bbox 814 2981 913 3044; x_wconf 92' lang='lat' dir='ltr'>etiam</span> <span class='ocrx_word' id='word_1_76' title='bbox 932 2980 1115 3063; x_wconf 84' lang='lat' dir='ltr'>conjugem,</span> <span class='ocrx_word' id='word_1_77' title='bbox 1133 2980 1319 3062; x_wconf 78' lang='lat' dir='ltr'>Agaliniam</span> 
     </span>
     <span class='ocr_line' id='line_1_14' title="bbox 314 3082 1320 3168; baseline -0.001 -22"><span class='ocrx_word' id='word_1_78' title='bbox 314 3084 457 3160; x_wconf 90' lang='lat' dir='ltr'>nomine,</span> <span class='ocrx_word' id='word_1_79' title='bbox 472 3091 642 3148; x_wconf 86' lang='lat' dir='ltr'>venustam</span> <span class='ocrx_word' id='word_1_80' title='bbox 656 3084 803 3168; x_wconf 87' lang='lat' dir='ltr'>prosapia</span> <span class='ocrx_word' id='word_1_81' title='bbox 823 3091 856 3147; x_wconf 92' lang='lat' dir='ltr'>et</span> <span class='ocrx_word' id='word_1_82' title='bbox 876 3083 999 3148; x_wconf 87' lang='lat' dir='ltr'>meritis</span> <span class='ocrx_word' id='word_1_83' title='bbox 1019 3082 1205 3166; x_wconf 86' lang='lat' dir='ltr'>praeclaram</span> <span class='ocrx_word' id='word_1_84' title='bbox 1219 3082 1320 3145; x_wconf 88' lang='lat' dir='ltr'>filiam</span> 
     </span>
     <span class='ocr_line' id='line_1_15' title="bbox 314 3183 1320 3270; baseline -0.002 -21"><span class='ocrx_word' id='word_1_85' title='bbox 314 3187 463 3251; x_wconf 88' lang='lat' dir='ltr'>videlicet</span> <span class='ocrx_word' id='word_1_86' title='bbox 477 3187 650 3270; x_wconf 84' lang='lat' dir='ltr'>Ephigenii</span> <span class='ocrx_word' id='word_1_87' title='bbox 666 3185 920 3251; x_wconf 88' lang='lat' dir='ltr'>Hibernensium</span> <span class='ocrx_word' id='word_1_88' title='bbox 937 3185 1035 3268; x_wconf 85' lang='lat' dir='ltr'>Regis</span> <span class='ocrx_word' id='word_1_89' title='bbox 1051 3184 1228 3248; x_wconf 88' lang='lat' dir='ltr'>clarissimi.</span> <span class='ocrx_word' id='word_1_90' title='bbox 1253 3183 1320 3249; x_wconf 80' lang='lat' dir='ltr'>Qui</span> 
     </span>
     <span class='ocr_line' id='line_1_16' title="bbox 315 3286 1319 3374; baseline -0.001 -21"><span class='ocrx_word' id='word_1_91' title='bbox 315 3290 460 3354; x_wconf 86' lang='lat' dir='ltr'>Domino</span> <span class='ocrx_word' id='word_1_92' title='bbox 474 3290 653 3374; x_wconf 87' lang='lat' dir='ltr'>inspirante</span> <span class='ocrx_word' id='word_1_93' title='bbox 672 3291 741 3374; x_wconf 89' lang='lat' dir='ltr'>pari</span> <span class='ocrx_word' id='word_1_94' title='bbox 761 3289 970 3355; x_wconf 77' lang='lat' dir='ltr'>confoederati</span> <span class='ocrx_word' id='word_1_95' title='bbox 991 3287 1124 3372; x_wconf 86' lang='lat' dir='ltr'>Spiritu,</span> <span class='ocrx_word' id='word_1_96' title='bbox 1140 3286 1319 3370; x_wconf 83' lang='lat' dir='ltr'>divinisque</span> 
     </span>
     <span class='ocr_line' id='line_1_17' title="bbox 315 3389 1318 3477; baseline -0.005 -20"><span class='ocrx_word' id='word_1_97' title='bbox 315 3393 480 3476; x_wconf 90' lang='lat' dir='ltr'>praecincti</span> <span class='ocrx_word' id='word_1_98' title='bbox 501 3394 636 3477; x_wconf 84' lang='lat' dir='ltr'>legibus,</span> <span class='ocrx_word' id='word_1_99' title='bbox 661 3394 741 3457; x_wconf 92' lang='lat' dir='ltr'>mire</span> <span class='ocrx_word' id='word_1_100' title='bbox 763 3394 892 3458; x_wconf 88' lang='lat' dir='ltr'>virtutis</span> <span class='ocrx_word' id='word_1_101' title='bbox 915 3393 1033 3456; x_wconf 87' lang='lat' dir='ltr'>fulsere</span> <span class='ocrx_word' id='word_1_102' title='bbox 1055 3389 1213 3473; x_wconf 85' lang='lat' dir='ltr'>insigniis.</span> <span class='ocrx_word' id='word_1_103' title='bbox 1274 3389 1318 3453; x_wconf 84' lang='lat' dir='ltr'>Et</span> 
     </span>
     <span class='ocr_line' id='line_1_18' title="bbox 315 3494 1317 3582; baseline -0.004 -21"><span class='ocrx_word' id='word_1_104' title='bbox 315 3518 395 3580; x_wconf 88' lang='lat' dir='ltr'>quos</span> <span class='ocrx_word' id='word_1_105' title='bbox 416 3497 574 3561; x_wconf 87' lang='lat' dir='ltr'>Dominus</span> <span class='ocrx_word' id='word_1_106' title='bbox 597 3519 656 3561; x_wconf 88' lang='lat' dir='ltr'>sua</span> <span class='ocrx_word' id='word_1_107' title='bbox 677 3499 925 3582; x_wconf 86' lang='lat' dir='ltr'>perlustraverat</span> <span class='ocrx_word' id='word_1_108' title='bbox 948 3496 1062 3580; x_wconf 81' lang='lat' dir='ltr'>gratia,</span> <span class='ocrx_word' id='word_1_109' title='bbox 1083 3495 1142 3559; x_wconf 89' lang='lat' dir='ltr'>tali</span> <span class='ocrx_word' id='word_1_110' title='bbox 1165 3494 1317 3578; x_wconf 85' lang='lat' dir='ltr'>dignatus</span> 
     </span>
     <span class='ocr_line' id='line_1_19' title="bbox 315 3599 1319 3687; baseline -0.004 -20"><span class='ocrx_word' id='word_1_111' title='bbox 315 3612 365 3667; x_wconf 90' lang='lat' dir='ltr'>est</span> <span class='ocrx_word' id='word_1_112' title='bbox 381 3603 538 3667; x_wconf 88' lang='lat' dir='ltr'>consolari</span> <span class='ocrx_word' id='word_1_113' title='bbox 553 3604 663 3687; x_wconf 81' lang='lat' dir='ltr'>gloria.</span> <span class='ocrx_word' id='word_1_114' title='bbox 708 3604 815 3667; x_wconf 91' lang='lat' dir='ltr'>Nocte</span> <span class='ocrx_word' id='word_1_115' title='bbox 831 3603 970 3685; x_wconf 88' lang='lat' dir='ltr'>quadam</span> <span class='ocrx_word' id='word_1_116' title='bbox 990 3600 1171 3680; x_wconf 88' lang='lat' dir='ltr'>Dominica‚</span> <span class='ocrx_word' id='word_1_117' title='bbox 1188 3600 1266 3663; x_wconf 93' lang='lat' dir='ltr'>dum</span> <span class='ocrx_word' id='word_1_118' title='bbox 1283 3599 1319 3663; x_wconf 89' lang='lat' dir='ltr'>in</span> 
     </span>
     <span class='ocr_line' id='line_1_20' title="bbox 314 3702 1320 3791; baseline -0.003 -22"><span class='ocrx_word' id='word_1_119' title='bbox 314 3712 420 3771; x_wconf 86' lang='lat' dir='ltr'>stratu</span> <span class='ocrx_word' id='word_1_120' title='bbox 445 3728 514 3784; x_wconf 90' lang='lat' dir='ltr'>suo,</span> <span class='ocrx_word' id='word_1_121' title='bbox 540 3708 641 3790; x_wconf 83' lang='lat' dir='ltr'>regali</span> <span class='ocrx_word' id='word_1_122' title='bbox 670 3706 766 3770; x_wconf 91' lang='lat' dir='ltr'>libitu</span> <span class='ocrx_word' id='word_1_123' title='bbox 794 3713 976 3791; x_wconf 90' lang='lat' dir='ltr'>peromato‚</span> <span class='ocrx_word' id='word_1_124' title='bbox 1003 3705 1124 3788; x_wconf 89' lang='lat' dir='ltr'>pariter</span> <span class='ocrx_word' id='word_1_125' title='bbox 1153 3702 1320 3787; x_wconf 89' lang='lat' dir='ltr'>compositi</span> 
     </span>
     <span class='ocr_line' id='line_1_21' title="bbox 313 3807 1317 3893; baseline -0.002 -21"><span class='ocrx_word' id='word_1_126' title='bbox 313 3818 523 3893; x_wconf 89' lang='lat' dir='ltr'>repausarent</span> <span class='ocrx_word' id='word_1_127' title='bbox 538 3832 598 3874; x_wconf 91' lang='lat' dir='ltr'>nec</span> <span class='ocrx_word' id='word_1_128' title='bbox 615 3811 795 3893; x_wconf 84' lang='lat' dir='ltr'>vigilantes,</span> <span class='ocrx_word' id='word_1_129' title='bbox 811 3831 871 3874; x_wconf 92' lang='lat' dir='ltr'>nec</span> <span class='ocrx_word' id='word_1_130' title='bbox 891 3809 1099 3892; x_wconf 89' lang='lat' dir='ltr'>integerrime</span> <span class='ocrx_word' id='word_1_131' title='bbox 1114 3807 1317 3872; x_wconf 90' lang='lat' dir='ltr'>obdormien-</span> 
     </span>
     <span class='ocr_line' id='line_1_22' title="bbox 312 3899 1318 3992; baseline -0.005 -15"><span class='ocrx_word' id='word_1_132' title='bbox 312 3923 374 3992; x_wconf 89' lang='lat' dir='ltr'>tes,</span> <span class='ocrx_word' id='word_1_133' title='bbox 390 3914 457 3978; x_wconf 86' lang='lat' dir='ltr'>visa</span> <span class='ocrx_word' id='word_1_134' title='bbox 478 3922 527 3978; x_wconf 92' lang='lat' dir='ltr'>est</span> <span class='ocrx_word' id='word_1_135' title='bbox 549 3899 699 3978; x_wconf 90' lang='lat' dir='ltr'>columba</span> <span class='ocrx_word' id='word_1_136' title='bbox 720 3913 814 3977; x_wconf 92' lang='lat' dir='ltr'>lactei</span> <span class='ocrx_word' id='word_1_137' title='bbox 837 3912 951 3977; x_wconf 91' lang='lat' dir='ltr'>coloris</span> <span class='ocrx_word' id='word_1_138' title='bbox 974 3912 1101 3977; x_wconf 91' lang='lat' dir='ltr'>coelitus</span> <span class='ocrx_word' id='word_1_139' title='bbox 1117 3909 1318 3974; x_wconf 87' lang='lat' dir='ltr'>descendisse</span> 
     </span>
     <span class='ocr_line' id='line_1_23' title="bbox 313 4014 1317 4100; baseline -0.005 -21"><span class='ocrx_word' id='word_1_140' title='bbox 313 4017 532 4082; x_wconf 85' lang='lat' dir='ltr'>inaestimabili</span> <span class='ocrx_word' id='word_1_141' title='bbox 554 4018 699 4083; x_wconf 88' lang='lat' dir='ltr'>claritate</span> <span class='ocrx_word' id='word_1_142' title='bbox 721 4017 858 4082; x_wconf 87' lang='lat' dir='ltr'>coelestis</span> <span class='ocrx_word' id='word_1_143' title='bbox 882 4016 991 4100; x_wconf 84' lang='lat' dir='ltr'>gloriae</span> <span class='ocrx_word' id='word_1_144' title='bbox 1013 4014 1191 4096; x_wconf 85' lang='lat' dir='ltr'>fulgurans,</span> <span class='ocrx_word' id='word_1_145' title='bbox 1213 4020 1246 4075; x_wconf 92' lang='lat' dir='ltr'>et</span> <span class='ocrx_word' id='word_1_146' title='bbox 1268 4032 1317 4074; x_wconf 89' lang='lat' dir='ltr'>re·</span> 
     </span>
     <span class='ocr_line' id='line_1_24' title="bbox 314 4115 1319 4205; baseline -0.007 -21"><span class='ocrx_word' id='word_1_147' title='bbox 314 4121 476 4204; x_wconf 89' lang='lat' dir='ltr'>quiescere</span> <span class='ocrx_word' id='word_1_148' title='bbox 492 4142 587 4205; x_wconf 92' lang='lat' dir='ltr'>super</span> <span class='ocrx_word' id='word_1_149' title='bbox 606 4122 742 4205; x_wconf 87' lang='lat' dir='ltr'>capitale</span> <span class='ocrx_word' id='word_1_150' title='bbox 762 4129 883 4185; x_wconf 86' lang='lat' dir='ltr'>stratus</span> <span class='ocrx_word' id='word_1_151' title='bbox 904 4140 1025 4196; x_wconf 91' lang='lat' dir='ltr'>eorum,</span> <span class='ocrx_word' id='word_1_152' title='bbox 1041 4125 1074 4180; x_wconf 92' lang='lat' dir='ltr'>et</span> <span class='ocrx_word' id='word_1_153' title='bbox 1095 4135 1208 4180; x_wconf 91' lang='lat' dir='ltr'>sereno</span> <span class='ocrx_word' id='word_1_154' title='bbox 1226 4115 1319 4178; x_wconf 90' lang='lat' dir='ltr'>vultu</span> 
     </span>
     <span class='ocr_line' id='line_1_25' title="bbox 311 4218 1317 4307; baseline -0.007 -20"><span class='ocrx_word' id='word_1_155' title='bbox 311 4224 433 4289; x_wconf 88' lang='lat' dir='ltr'>intueri</span> <span class='ocrx_word' id='word_1_156' title='bbox 449 4224 485 4287; x_wconf 93' lang='lat' dir='ltr'>in</span> <span class='ocrx_word' id='word_1_157' title='bbox 508 4245 571 4288; x_wconf 90' lang='lat' dir='ltr'>eos.</span> <span class='ocrx_word' id='word_1_158' title='bbox 618 4225 699 4290; x_wconf 80' lang='lat' dir='ltr'>Quae</span> <span class='ocrx_word' id='word_1_159' title='bbox 722 4225 906 4307; x_wconf 88' lang='lat' dir='ltr'>expandens</span> <span class='ocrx_word' id='word_1_160' title='bbox 929 4223 995 4286; x_wconf 87' lang='lat' dir='ltr'>alas</span> <span class='ocrx_word' id='word_1_161' title='bbox 1018 4241 1091 4284; x_wconf 86' lang='lat' dir='ltr'>suas</span> <span class='ocrx_word' id='word_1_162' title='bbox 1113 4218 1317 4286; x_wconf 88' lang='lat' dir='ltr'>obumbravit</span> 
     </span>
     <span class='ocr_line' id='line_1_26' title="bbox 312 4320 1318 4405; baseline -0.008 -14"><span class='ocrx_word' id='word_1_163' title='bbox 312 4349 378 4405; x_wconf 90' lang='lat' dir='ltr'>eos,</span> <span class='ocrx_word' id='word_1_164' title='bbox 410 4335 443 4391; x_wconf 87' lang='lat' dir='ltr'>et</span> <span class='ocrx_word' id='word_1_165' title='bbox 472 4328 626 4391; x_wconf 91' lang='lat' dir='ltr'>mellifluo</span> <span class='ocrx_word' id='word_1_166' title='bbox 655 4348 709 4391; x_wconf 92' lang='lat' dir='ltr'>ore</span> <span class='ocrx_word' id='word_1_167' title='bbox 735 4335 801 4391; x_wconf 91' lang='lat' dir='ltr'>tres</span> <span class='ocrx_word' id='word_1_168' title='bbox 832 4326 982 4390; x_wconf 88' lang='lat' dir='ltr'>lacteolas</span> <span class='ocrx_word' id='word_1_169' title='bbox 1013 4322 1143 4387; x_wconf 89' lang='lat' dir='ltr'>stillavit</span> <span class='ocrx_word' id='word_1_170' title='bbox 1174 4320 1318 4404; x_wconf 83' lang='lat' dir='ltr'>guttulas</span> 
     </span>
     <span class='ocr_line' id='line_1_27' title="bbox 312 4423 1316 4496; baseline -0.008 -2"><span class='ocrx_word' id='word_1_171' title='bbox 312 4432 416 4496; x_wconf 88' lang='lat' dir='ltr'>instar</span> <span class='ocrx_word' id='word_1_172' title='bbox 441 4431 645 4495; x_wconf 89' lang='lat' dir='ltr'>mundissimi</span> <span class='ocrx_word' id='word_1_173' title='bbox 670 4431 762 4494; x_wconf 89' lang='lat' dir='ltr'>lactis</span> <span class='ocrx_word' id='word_1_174' title='bbox 787 4432 823 4494; x_wconf 93' lang='lat' dir='ltr'>in</span> <span class='ocrx_word' id='word_1_175' title='bbox 848 4429 951 4493; x_wconf 88' lang='lat' dir='ltr'>beatis</span> <span class='ocrx_word' id='word_1_176' title='bbox 977 4426 1069 4490; x_wconf 86' lang='lat' dir='ltr'>labiis</span> <span class='ocrx_word' id='word_1_177' title='bbox 1096 4426 1166 4488; x_wconf 89' lang='lat' dir='ltr'>Deo</span> <span class='ocrx_word' id='word_1_178' title='bbox 1192 4423 1316 4488; x_wconf 88' lang='lat' dir='ltr'>dilectae</span> 
     </span>
     <span class='ocr_line' id='line_1_28' title="bbox 312 4531 1316 4612; baseline -0.009 -14"><span class='ocrx_word' id='word_1_179' title='bbox 312 4535 463 4612; x_wconf 82' lang='lat' dir='ltr'>foeminae,</span> <span class='ocrx_word' id='word_1_180' title='bbox 480 4541 513 4597; x_wconf 92' lang='lat' dir='ltr'>et</span> <span class='ocrx_word' id='word_1_181' title='bbox 529 4536 608 4598; x_wconf 91' lang='lat' dir='ltr'>coelo</span> <span class='ocrx_word' id='word_1_182' title='bbox 629 4535 734 4597; x_wconf 88' lang='lat' dir='ltr'>refusa</span> <span class='ocrx_word' id='word_1_183' title='bbox 755 4533 931 4597; x_wconf 87' lang='lat' dir='ltr'>subvolavit</span> <span class='ocrx_word' id='word_1_184' title='bbox 951 4531 1080 4607; x_wconf 85' lang='lat' dir='ltr'>aethera,</span> <span class='ocrx_word' id='word_1_185' title='bbox 1096 4550 1172 4592; x_wconf 79' lang='lat' dir='ltr'>mox</span> <span class='ocrx_word' id='word_1_186' title='bbox 1186 4547 1316 4610; x_wconf 85' lang='lat' dir='ltr'>vapora-</span> 
     </span>
    </p>
   </div>
   <div class='ocr_carea' id='block_1_3' title="bbox 0 0 1634 5467">
    <p class='ocr_par' dir='ltr' id='par_1_3' title="bbox 0 0 1634 5467">
     <span class='ocr_line' id='line_1_29' title="bbox 0 0 1634 5467; baseline 0 0"><span class='ocrx_word' id='word_1_187' title='bbox 0 0 1634 5467; x_wconf 95' lang='lat' dir='ltr'> </span> 
     </span>
    </p>
   </div>
  </div>
 </body>
</html>
