3259 5467
313 639 378 702 216
579 656 672 699 uocas
689 657 729 699 nr
745 656 862 700 vania
878 657 1072 701 nrcmouss.

277 815 280 818 ’
315 806 466 865 conantur
486 797 612 880 inferre.
659 798 762 862 Serm.
787 799 869 862 168:
903 800 1048 881 Aquita
1070 821 1131 864 noa
1151 801 1316 881 observent,

309 904 508 986 phylacterio
522 907 553 965 et
567 904 764 965 characteres
777 901 947 966 diabolicos
965 923 1022 967 nec
1038 904 1100 966 sibi
1112 924 1170 969 aec
1183 908 1249 969 suis
1263 908 1318 970 oli·

316 1006 438 1088 quoodo
452 1004 675 1086 aspamam
690 1005 745 1068 W.

359 1109 420 1191 Ep.
436 1111 489 1186 45,
504 1129 536 1190 p.
552 1110 605 1186 95,
620 1108 641 1170 l.
655 1110 700 1173 27
714 1108 769 1190 pia
782 1107 973 1173 educatione
982 1109 1204 1179 ,subveniatur
1217 1114 1271 1177 W.
1286 1113 1319 1177 in

316 1233 418 1294 marg.
432 1240 459 1268 =

361 1314 461 1378 “His
479 1313 596 1377 litteris
615 1313 793 1378 instructus
814 1315 928 1393 Roma,
949 1336 1036 1380 anuo
1055 1315 1123 1381 fere
1144 1317 1191 1382 ibi
1211 1327 1320 1384 exacto

317 1418 460 1482 discessit
474 1416 660 1480 Bouifaoius
675 1424 772 1500 atque
791 1417 981 1500 perveniens
995 1419 1029 1481 in
1045 1419 1161 1484 urbem
1176 1421 1319 1488 Ticinum

317 1522 403 1606 apud
425 1519 665 1602 Luitprandum
685 1521 975 1603 Langobardorum
993 1543 1103 1605 regem
1123 1525 1320 1607 aliquamdiu

317 1622 585 1688 commorabatur.
641 1623 725 1686 Inde
750 1631 852 1688 terras
876 1624 1098 1708 Bajoaricrum
1124 1627 1319 1694 abOtilone

318 1727 399 1791 duee
424 1727 579 1790 invitatus
608 1725 757 1806 visitavit,
781 1727 890 1811 ibique
913 1729 1033 1792 mansit
1059 1730 1173 1795 diebus
1199 1734 1319 1812 multis,

316 1830 451 1895 verbum
472 1828 535 1894 Dei
556 1829 743 1912 praedicans,
766 1850 912 1913 veraeque
932 1831 1009 1894 fidei
1033 1841 1237 1899 sacramenta
1257 1837 1320 1901 illic

317 1954 483 2001 renovans.
513 1934 606 1996 Inter
621 1954 693 2015 quae
708 1933 805 1996 etiam
821 1919 1035 1998 destructores
1050 1936 1206 2018 quosdam
1222 1942 1319 2006 eccle-
1389 2022 1390 2025 Ἴ

318 2043 448 2119 siarum,
460 2039 634 2125 populique
649 2038 833 2102 seductores
848 2038 1008 2122 abigebat,
1021 2061 1158 2124 quorum
1173 2043 1228 2106 alii
1242 2044 1320 2111 falso

318 2166 353 2209 se
370 2144 570 2228 episcopatus
590 2142 694 2226 gradu
713 2142 936 2226 praetulerunt,
952 2143 1007 2206 alii
1027 2165 1102 2208 vero
1119 2147 1319 2231 presbytera

317 2257 372 2313 tus
387 2248 489 2313 officio
509 2269 543 2311 se
562 2246 769 2329 deputarunt,
784 2246 839 2310 alii
858 2246 957 2310 etiam
977 2246 1148 2312 innumera
1166 2253 1319 2334 perversi.

317 2354 394 2417 tatis
409 2354 565 2435 figmenta
586 2356 767 2434 sequentes,
782 2370 903 2432 magna
923 2371 964 2414 ex
985 2358 1077 2434 parte
1097 2354 1255 2436 populum
1273 2377 1319 2420 se-

319 2455 489 2519 duxerunt.
534 2453 736 2517 Provinciam
767 2452 842 2516 dein
872 2453 1047 2536 Bagoariae,
1077 2455 1210 2522 Otilone
1240 2458 1319 2523 duca

318 2555 590 2620 consentientem
606 2562 744 2639 quatuor
763 2555 871 2619 divisit
889 2555 1065 2639 parochias,
1080 2564 1212 2642 meoque
1232 2582 1319 2645 mag.

317 2681 434 2724 nasum
459 2659 616 2721 virtumm
644 2658 727 2722 viros
757 2658 802 2722 eis
831 2659 982 2743 praefecit,
1009 2681 1089 2743 quos
1118 2659 1321 2730 ordiuatione

318 2763 404 2827 facta
417 2762 453 2825 in
468 2761 677 2844 episcopalem
697 2760 835 2844 gradm
854 2761 1048 2826 sublimavit.
1094 2763 1244 2830 Quorum
1257 2769 1319 2852 pri-

318 2889 391 2930 mus
406 2866 537 2930 nomine
553 2865 574 2926 J
576 2886 695 2929 oannes
710 2865 746 2928 in
764 2864 891 2948 oppido,
907 2866 994 2949 quod
1011 2866 1129 2932 dicitm
1150 2869 1321 2956 Saltzpurg

319 2970 505 3035 cathedram
519 2969 731 3051 episcopalem
746 2969 896 3052 suscepit.
942 2970 1111 3034 Secundus
1128 2969 1320 3038 Erinbertus

318 3075 355 3138 in
369 3073 568 3157 Frisingensi
582 3072 714 3135 ccclesia
727 3072 874 3154 regimen
890 3072 1076 3154 pontificale
1090 3074 1201 3140 subiit.
1246 3077 1320 3142 'Per-

319 3179 385 3242 tius
404 3176 563 3242 Gowibolt
582 3175 868 3239 inllatisbonensi
891 3175 1029 3255 civitate,
1047 3198 1120 3260 quae
1136 3182 1321 3264 metropolis

320 3281 486 3364 Bagoariae
504 3286 562 3357 est,
577 3278 723 3361 pontifex
742 3278 959 3343 constituitur.
1004 3280 1138 3344 Vivalus
1157 3303 1322 3366 quoquea

319 3385 455 3468 praesule
485 3381 657 3466 apostolico
682 3382 751 3465 jam
780 3381 947 3446 ordinatus
971 3384 1153 3448 Pataviensi
1182 3387 1321 3451 ecclesia

320 3487 472 3570 praelatus
495 3492 554 3562 est,
570 3484 627 3548 scd
650 3485 719 3568 ejus
741 3485 902 3568 pmochia,
921 3506 993 3569 quae
1010 3493 1126 3570 quarta
1147 3496 1229 3567 erat,
1248 3511 1268 3553 a
1287 3490 1319 3553 S.

321 3589 497 3665 Bonifaci0‚
513 3587 596 3650 sicut
613 3594 745 3665 caterae,
761 3587 974 3652 dividebatur.

324 3736 326 3741 ,
365 3691 485 3755 Omnia
498 3689 567 3754 haec
583 3688 620 3752 in
640 3690 784 3754 Bavariae
802 3692 896 3754 tamis
912 3699 1003 3774 gesta
1017 3690 1204 3757 Bonifacius
1218 3695 1321 3778 ponti-

321 3796 373 3860 fici
389 3795 557 3878 significat,
573 3793 628 3876 qui
642 3794 752 3857 omnia
764 3794 877 3859 laudat
891 3803 924 3858 et
939 3795 1128 3880 approbat.'’
1144 3797 1198 3860 W.

363 3900 424 3982 Ep.
440 3898 493 3976 46,
510 3920 541 3981 p.
562 3898 615 3974 98,
630 3896 652 3959 l.
676 3898 717 3958 10
737 3896 1043 3962 deseras—desistas
1055 3922 1081 3951 =
1093 3898 1115 3962 l.
1131 3901 1175 3962 28
1199 3898 1322 3964 XXIII

322 4008 343 4039 “
358 4003 527 4080 Baronius,
552 3999 608 4084 qui
630 3999 802 4082 imperium
829 4001 948 4065 Leonis
974 3999 1015 4065 ab
1041 4022 1128 4065 auno
1152 4002 1322 4067 Dccxvl

320 4116 491 4190 perperam
503 4103 642 4181 deducit,
656 4103 747 4167 loco:
771 4124 851 4168 cauo
868 4105 1013 4187 oipesimo
1029 4106 1131 4184 tertio,
1147 4107 1275 4190 reponit
1287 4107 1323 4170 in

321 4210 467 4292 margine
486 4209 631 4290 oipesim
651 4212 782 4287 quartu·
804 4228 880 4271 cum
899 4214 1010 4271 umen
1030 4214 1156 4271 certum
1174 4208 1227 4287 sit,
1243 4208 1322 4273 Leo·

321 4334 396 4376 nem
412 4312 464 4376 die
479 4311 575 4374 XXV
590 4309 709 4372 mensis
724 4309 838 4374 Martii
853 4311 932 4374 anni
947 4310 1138 4374 DCCXVII
1151 4311 1322 4396 imperium

321 4416 506 4499 suscepisse,
521 4413 618 4496 idque
642 4432 681 4474 ex
704 4411 765 4476 hac
788 4414 932 4478 clausula
954 4435 975 4477 a
993 4413 1145 4479 Mariano
1167 4414 1264 4479 Sooto
1282 4413 1323 4478 ad

322 4540 445 4582 annum
459 4515 627 4583 DCCXLI
643 4525 822 4581 memorata
836 4518 970 4600 aliisque
985 4518 1228 4582 confirmetur.”
1244 4518 1296 4582 W.
