3259 5467
313 643 378 707 232
570 659 665 703 norm
681 659 721 703 ar
737 658 853 702 vsarn
869 657 1065 703 crcrronns.

314 824 409 868 onem
437 800 563 866 faciam
608 800 726 883 Neque
754 799 893 882 paucula
917 798 987 864 haec
1012 818 1149 863 monere
1172 796 1304 863 nonde

313 906 454 984 buimus,
475 926 550 969 cum
572 902 703 968 laudata
723 902 872 967 chartula
891 902 979 968 inter
999 902 1181 968 Iluldenscs
1202 923 1307 986 agmen

313 1009 421 1075 ducat.
465 1008 553 1073 Nolo
567 1015 679 1072 tamen
693 1004 865 1089 quisquam
881 1005 1071 1089 suspicetur,
1086 1027 1142 1070 me
1156 1006 1246 1070 illam
1259 1005 1310 1069 boc

313 1111 400 1177 facto
428 1109 465 1174 in
493 1109 707 1193 suspicionem
735 1107 809 1173 falsi
838 1128 951 1173 vocare
978 1108 1070 1173 velle.
1131 1108 1206 1173 Etsi
1234 1109 1312 1173 enim

314 1212 536 1279 cumininitio
551 1211 666 1277 tamin
680 1212 746 1276 fine
760 1211 869 1295 aliqua
876 1216 1061 1290 occurrunt,
1077 1232 1152 1295 quae
1163 1219 1314 1276 emuncta

315 1315 402 1380 naris
424 1315 543 1380 criticis
564 1336 633 1378 non
655 1313 805 1379 omnibus
828 1313 1031 1379 satisfactura
1052 1313 1228 1379 videantur
1238 1339 1248 1392 ;
1273 1322 1314 1378 at·

314 1425 426 1484 tamen
440 1417 482 1483 ad
502 1417 679 1483 terminum
693 1416 881 1482 monasterii
895 1415 1066 1481 liddensis
1081 1417 1171 1501 quod
1193 1416 1315 1494 attinet,

315 1520 421 1599 credo,
442 1521 536 1584 illum
557 1527 645 1584 recte
666 1519 785 1584 habere
795 1545 806 1597 ;
833 1541 909 1583 oum
928 1519 959 1583 is
978 1519 1066 1584 ultra
1088 1526 1231 1603 quatuor
1251 1540 1317 1602 pas·

317 1645 412 1687 suum
428 1623 537 1703 millia,
554 1643 626 1706 quac
639 1621 716 1686 huic
735 1621 805 1686 loco
823 1621 986 1704 assignata
1007 1642 1086 1700 esse,
1102 1643 1146 1686 ex
1161 1621 1318 1687 historicis

316 1725 478 1803 discimus,
507 1747 575 1790 non
604 1723 866 1808 comprehendat.
910 1724 965 1789 Ad
993 1730 1094 1789 testes
1123 1746 1212 1804 vero,
1243 1724 1319 1789 etii

315 1838 403 1898 recte
417 1829 536 1898 habere
555 1829 706 1894 videntum
714 1853 724 1907 3
748 1828 828 1912 quis·
838 1828 927 1895 enim
943 1828 1059 1912 potiori
1069 1829 1146 1913 jure
1164 1828 1319 1912 subscrip·

316 1935 418 2012 sisset,
435 1955 531 2018 quam
551 1932 705 1996 fundator
719 1931 906 1997 Bonifatius
919 1931 1086 2016 episcopus
1101 1933 1319 2009 Burchardus,

316 2058 355 2102 ex
369 2042 460 2121 parte
470 2036 668 2101 dioecesanus
679 2034 843 2100 Sturmius
852 2035 975 2119 primus
985 2034 1048 2101 loci
1057 2045 1167 2100 rector
1180 2036 1318 2113 futrum

315 2150 348 2206 et
372 2141 515 2225 priorum
538 2139 646 2204 clerici
671 2137 929 2222 etpresbyteri?
973 2138 1094 2203 Annus
1113 2138 1200 2205 forte
1227 2139 1319 2204 alicui

316 2246 503 2328 scrupulum
513 2249 658 2306 moveat:
681 2241 849 2305 insolitum
865 2241 953 2307 enim
966 2241 1104 2321 videtur,
1116 2241 1320 2306 Bonifacium

316 2369 403 2412 anno
418 2344 649 2413 DCCXLVII.
660 2344 803 2428 primum
818 2344 991 2411 sollicitum
1004 2345 1104 2411 fuisse
1119 2345 1160 2410 de
1174 2347 1320 2411 terminis

316 2450 486 2516 Fuldensis
511 2449 573 2515 loci
601 2449 635 2512 in
665 2448 811 2512 chartam
836 2448 1021 2527 referendis,
1047 2469 1123 2513 cum
1147 2471 1204 2514 cos
1226 2450 1319 2514 modo

316 2558 393 2617 ante
410 2552 589 2617 triennium
614 2550 752 2615 describi
773 2557 926 2617 curasset.
973 2551 1039 2618 Sed
1061 2552 1267 2633 arbitramur,
1287 2554 1318 2616 S.

315 2655 599 2738 Archicpiscopum
620 2675 695 2718 cum
714 2654 893 2720 rescivisset
911 2656 1197 2737 carolomannum,
1217 2679 1239 2722 a
1259 2679 1319 2740 quo

315 2758 455 2823 fundum
477 2765 651 2840 acceperat,
673 2758 832 2841 regimine
854 2758 1078 2825 abdicaturum
1108 2781 1188 2839 esse,
1211 2761 1319 2825 statim

318 2862 475 2945 cogitasse
498 2860 538 2926 de
560 2861 704 2945 ejusdem
724 2862 787 2926 loci
805 2864 1049 2929 confirmatione
1069 2863 1243 2948 aPippino
1263 2865 1319 2928 im-

317 2965 484 3049 patranda.
529 2966 612 3029 Eam
642 2986 728 3044 vero,
751 2973 788 3030 ut
819 2967 938 3032 certius
967 2966 1141 3044 obtineret,
1163 2968 1320 3052 optimum

316 3075 386 3134 crat
416 3068 595 3146 consilium,
622 3074 661 3132 ut
683 3075 793 3148 testes,
821 3069 878 3153 qui
900 3070 1108 3155 descriptioni
1129 3071 1246 3136 finium
1267 3071 1319 3136 ad·

316 3173 446 3239 fuerant
468 3180 544 3238 ante
567 3171 747 3249 biennium,
770 3180 961 3239 convocaret
982 3195 1111 3257 eosque,
1134 3179 1175 3237 ut
1204 3174 1320 3239 charta

317 3276 455 3360 Pippino
478 3273 676 3352 exhibendae,
700 3273 950 3356 subscriberent,
971 3283 1111 3359 rogarat.
1157 3275 1241 3342 Haeo
1263 3298 1320 3362 pro

318 3379 438 3444 chartae
471 3379 572 3463 ipsius
605 3398 736 3462 corpore
767 3378 969 3459 vindicando,
998 3379 1131 3445 initium
1167 3380 1258 3445 enim
1288 3385 1321 3444 et

318 3482 496 3548 clausulam
519 3482 589 3565 ejus
611 3481 735 3545 nemini
757 3489 957 3565 praestamus.
1004 3483 1070 3549 Sed
1090 3504 1199 3567 neque
1229 3483 1321 3548 alicui

317 3592 469 3668 proestare
505 3584 611 3663 velim,
649 3591 748 3650 testes
784 3586 853 3664 hos,
885 3608 971 3670 quos*
1005 3585 1194 3652 Bonifacius
1231 3585 1321 3652 annis

318 3686 531 3752 DCCXLIV.
547 3693 581 3750 et
595 3687 827 3754 DCCXLVII.
843 3711 883 3754 ex
896 3690 982 3756 facili
996 3691 1103 3775 potnit
1118 3689 1232 3755 Fuldae
1248 3710 1322 3754 con-

318 3810 461 3874 gregare,
476 3795 545 3853 tam
566 3788 659 3854 facile
673 3790 815 3873 potuisse
835 3814 855 3856 a
869 3792 1005 3876 Pippino
1019 3813 1097 3876 rego
1110 3791 1272 3858 Attiniaci
1289 3790 1322 3855 in

318 3892 495 3977 Campania
509 3893 769 3958 annoDCCLV.
785 3895 1006 3979 congregari.”
1022 3895 1077 3960 W.
1257 3952 1260 3957 .

361 3998 422 4080 Ep.
453 3997 506 4074 67,
535 4018 568 4079 p.
593 3996 666 4072 163,
695 3996 718 4060 l.
741 4000 763 4061 9
785 3999 896 4064 “Non
917 3999 1045 4064 videtur
1066 3999 1321 4064 carolomannus

316 4121 456 4184 regnum
471 4121 567 4164 suum
581 4100 669 4164 nude
678 4100 816 4185 Pippino
830 4103 1021 4187 resignasse,
1032 4101 1089 4168 sed
1104 4122 1182 4167 cum
1196 4108 1320 4168 tanturm

318 4203 378 4267 filii
402 4209 555 4281 tutorem,
579 4202 782 4286 usquedum
803 4205 846 4270 ad
863 4207 988 4292 justam
1016 4211 1149 4272 oetaoem
1173 4205 1322 4282 venisset,

318 4305 532 4371 constituisse.
578 4305 620 4370 Id
647 4306 755 4390 prodit
783 4309 853 4374 haec
885 4310 1020 4394 epistola
1047 4308 1090 4375 ad
1118 4308 1323 4373 Andhunnm

320 4408 471 4474 abbatem
486 4408 521 4471 in
536 4409 646 4474 Frisiae
660 4411 830 4493 provincia,
846 4413 883 4478 in
897 4435 935 4478 ea
950 4413 1039 4478 enim
1053 4411 1193 4477 dicitur:
1215 4412 1325 4476 Iadica

321 4512 397 4574 nuli
420 4510 543 4597 aliquid
564 4513 603 4576 de
626 4515 766 4598 episcopo
789 4523 905 4596 nostro,
929 4539 970 4582 on
994 4517 1039 4582 od
1064 4516 1216 4598 mnodum
1243 4515 1328 4578 osas
