3259 5467
312 669 355 731 96
394 709 400 730 .
600 686 768 729 eouuacu
782 686 1031 730 Ancmmuscorr

316 832 411 895 Jesus
436 832 584 896 Clnistus
610 832 770 895 Dominus
796 837 907 894 noster
933 831 974 896 ad
1000 832 1148 896 homines
1178 832 1320 911 veniens,

313 934 472 1018 jejunavit
494 933 708 1018 quadraginta
727 933 841 997 diebus
865 939 898 997 et
921 934 1137 1018 quadraginta
1159 935 1320 1013 noctibus,

318 1046 351 1101 et
366 1038 492 1100 nullum
508 1036 640 1100 omnino
656 1036 764 1101 cibum
780 1035 906 1100 sumsit.
941 1036 1012 1100 Nos
1028 1058 1155 1120 quoque
1170 1037 1207 1100 in
1223 1059 1321 1120 quan-

317 1147 390 1204 tum
411 1162 589 1224 possumus,
610 1161 718 1204 annuo
741 1139 993 1222 quadragesima
1014 1148 1169 1223 tempore,
1191 1161 1322 1204 earnem

318 1251 463 1307 nostram
482 1265 539 1327 per
557 1242 788 1307 abstinentiam
808 1243 949 1326 affligere
969 1263 1134 1323 conamur,
1151 1243 1229 1326 quia
1243 1264 1322 1326 opus

319 1354 368 1410 est
383 1346 486 1423 nobis,
497 1353 534 1410 ut
546 1346 586 1410 ab
598 1345 729 1409 inlicitis
738 1345 989 1428 cogitationibus
1000 1345 1168 1429 verbisque
1180 1354 1214 1410 et
1228 1346 1322 1410 factis

315 1449 510 1532 jejunemus,
526 1449 669 1512 viventes
685 1449 721 1511 in
741 1449 925 1513 coelestibus
943 1449 1229 1533 spiritualibusque
1242 1469 1322 1532 prae-

320 1551 430 1632 ceptis.
476 1552 565 1633 Lege
582 1551 728 1614 Mosaioa
748 1552 899 1616 universo
919 1552 1038 1635 populo
1060 1557 1109 1616 est
1125 1558 1323 1635 praeceptum

320 1652 460 1717 decimas
475 1654 681 1738 etprimitias
696 1654 810 1719 offerre
824 1655 966 1718 Domino
980 1655 1061 1719 Deo.
1100 1656 1155 1719 Ita
1168 1654 1324 1720 debemus

320 1757 477 1840 principia
490 1760 704 1835 voluntatum,
721 1758 1079 1841 consummationesque
1094 1779 1230 1842 operum
1248 1780 1322 1822 nos·

319 1868 445 1924 trorum
460 1861 501 1926 ad
516 1861 579 1925 Dei
593 1862 730 1944 gratiam
745 1862 869 1939 offerre,
880 1867 913 1926 et
927 1862 963 1925 in
977 1867 1089 1926 nostro
1103 1882 1237 1944 corpore
1251 1882 1322 1944 per·

319 1965 438 2028 solvere
460 1964 598 2029 decimas
616 1964 742 2028 dierum
762 1965 851 2044 anni,
866 1986 955 2028 nuno
972 1964 1008 2028 in
1025 1964 1090 2031 isto
1109 1964 1324 2029 saeratissimo

319 2075 474 2150 tempore,
491 2068 566 2151 quia
579 2067 634 2132 isti
653 2074 731 2132 sunt
752 2068 830 2146 dies,
847 2068 902 2150 qui
923 2067 1170 2133 constituuntur
1191 2067 1325 2145 adhoc,

320 2177 359 2234 ut
379 2172 484 2235 carnis
501 2178 620 2236 nostrae
642 2171 781 2235 decimas
803 2171 839 2234 in
858 2171 910 2235 his
930 2171 1002 2235 Deo
1020 2171 1143 2235 demus.
1188 2171 1223 2237 A
1243 2191 1324 2254 prae·

320 2274 404 2337 senti
427 2275 514 2338 enim
538 2274 599 2351 die,
626 2280 664 2337 ut
687 2274 801 2352 nostis,
826 2274 982 2339 carissimi
1004 2273 1131 2353 fratrea
1153 2293 1259 2356 usque
1288 2273 1324 2338 in

319 2376 437 2459 pascha
458 2377 526 2441 dies
549 2377 764 2460 quadraginta
782 2383 816 2441 et
837 2376 901 2442 duo
919 2377 1014 2455 fiunt,
1030 2397 1169 2460 quorum
1185 2375 1325 2463 triginta

319 2499 374 2542 sex
389 2479 585 2562 jejunamus,
601 2487 634 2544 et
654 2501 710 2543 sex
728 2478 896 2545 dominicis
916 2501 991 2544 eum
1008 2477 1122 2545 laetitia
1143 2477 1195 2545 usi
1211 2500 1324 2545 sumus

321 2581 442 2645 vietum
465 2587 624 2645 nostrum.
669 2582 758 2646 Dum
783 2603 859 2648 vero
881 2603 940 2665 per
964 2588 1127 2649 trecentos
1156 2581 1327 2664 sexaginta

319 2683 387 2748 dies
403 2705 507 2747 annus
523 2683 661 2762 ducitiu,
675 2691 782 2749 totum
797 2685 876 2749 anni
891 2692 1019 2768 tempus
1033 2683 1181 2750 XXXVI
1197 2683 1325 2750 dierum
1393 2739 1396 2744 .

320 2808 457 2854 numero
479 2786 666 2852 decimatur.
713 2788 776 2852 His
798 2787 912 2853 diebus
934 2794 1061 2871 oportet
1082 2807 1144 2853 nos
1164 2785 1206 2852 ad
1224 2786 1323 2854 eecle-

321 2888 402 2953 siam
421 2889 538 2967 venire,
558 2896 755 2976 actuumque
776 2898 961 2957 nostrorum
982 2891 1180 2974 operatione,
1199 2890 1324 2956 mundo

320 2993 417 3057 corde
438 3000 471 3058 et
493 3000 581 3059 casto
601 3015 732 3077 corpore
753 2994 789 3059 in
811 3001 988 3077 conspeetu
1009 2993 1125 3060 divina
1145 2993 1325 3077 majestatis

321 3096 487 3162 humiliter
515 3098 639 3177 offerre,
668 3097 813 3180 rogando
849 3099 958 3164 Deum
991 3097 1260 3180 omnipotentem,
1288 3102 1325 3164 ut

321 3201 414 3266 nobis
443 3201 612 3285 indulgere
641 3201 804 3285 dignetur,
839 3201 926 3285 quod
961 3200 1181 3284 negligentius
1216 3205 1324 3266 totum

323 3325 446 3369 annum
469 3305 605 3370 viximus
629 3326 726 3388 quam
748 3304 930 3370 debuimus.
984 3305 1074 3383 Haec,
1089 3303 1206 3369 fratres
1227 3303 1323 3369 caris·

322 3408 405 3486 simi,
431 3408 591 3490 sapienter
617 3429 654 3472 ac
679 3407 816 3473 fideliter
841 3407 1030 3490 cogitantes,
1054 3406 1095 3472 ad
1120 3405 1323 3489 poenitentiae

321 3510 465 3580 remedia
486 3511 658 3593 confugere
683 3510 883 3590 festinemus,
907 3518 941 3578 et
965 3532 1022 3595 per
1047 3509 1241 3588 emtitatem,
1267 3528 1324 3593 per

324 3634 421 3696 opera
431 3612 567 3695 justitiae
582 3620 615 3678 et
629 3613 863 3694 misericordiae,
875 3621 996 3680 aeterna
1007 3613 1100 3680 nobis
1115 3612 1204 3696 apud
1217 3613 1324 3678 Deum

323 3716 456 3798 praemia
484 3737 712 3800 comparemus.
772 3718 822 3783 Eo
850 3717 1038 3803 diligentius
1070 3715 1225 3783 debemus
1258 3714 1325 3781 dies

323 3819 402 3882 istos
424 3818 507 3883 bene
525 3820 684 3903 operando
706 3842 869 3905 peragere,
885 3821 960 3904 quia
977 3839 1131 3902 maguam
1152 3817 1325 3901 indulgen-

323 3924 405 3987 tiam
433 3930 637 4006 peccatorum
668 3931 854 3989 nostrorum
891 3925 977 4007 apud
1013 3923 1121 3990 Deum
1158 3928 1326 3992 merentur

321 4027 455 4111 jejunia,
478 4027 506 4091 si
530 4034 660 4111 propter
685 4048 828 4094 amorem
853 4027 917 4094 Dei
942 4033 1094 4110 aguntur,
1117 4031 1151 4093 et
1174 4046 1243 4091 non
1268 4045 1325 4108 per

324 4131 457 4214 gloriam
472 4131 613 4195 inanem.
1154 4197 1156 4201 ,
1315 4187 1319 4197 .

367 4237 399 4297 3.
423 4234 496 4298 Hoc
510 4242 559 4299 est
573 4235 751 4318 perfectum
762 4234 925 4318 jejunium
937 4240 971 4301 et
981 4231 1183 4311 rationabile,
1195 4230 1326 4315 quaudo

323 4358 439 4420 eorpus
458 4346 604 4403 nostrum
625 4338 761 4422 jejunat,
783 4338 894 4403 anima
916 4345 998 4416 orat,
1019 4335 1146 4406 facilius
1165 4356 1224 4419 per
1241 4335 1326 4418 jeju·

323 4441 416 4507 nium
431 4442 532 4506 oratio
553 4449 702 4525 penetrat
722 4442 849 4507 eoelum.
895 4441 987 4508 Tunc
1007 4440 1094 4505 enim
1116 4439 1214 4506 homo
1234 4439 1325 4522 spiri·

322 4543 419 4611 tualis
448 4545 590 4624 effectus,
621 4546 743 4628 angelis
773 4544 990 4629 conjungitur.
1050 4545 1113 4610 Per
1144 4542 1217 4609 hoo
1236 4541 1325 4612 eain

1189 4862 1204 4894 0
