3259 5467
573 1424 622 1513 V.
670 1423 1048 1516 anamodus

534 1981 835 2048 ADMONITIO
865 1982 1080 2049 PRAEVIm
1200 2021 1203 2027 .

534 2177 692 2266 [Editiom'
709 2177 918 2240 Martem'acoe
929 2175 1088 2267 preston]
1162 2262 1164 2269 4

353 2376 581 2450 Bourrrcrus
597 2372 689 2455 cujus
709 2370 762 2434 hic
781 2390 942 2438 sermones
961 2370 1085 2451 damus,
1105 2371 1133 2437 is
1152 2378 1202 2440 est
1220 2395 1311 2458 mag.

310 2517 373 2559 nus
387 2495 443 2559 ille
458 2491 655 2570 Bonifacius‚
666 2489 771 2574 patrio
785 2490 917 2555 nomine
926 2490 1107 2558 Winfridns
1122 2494 1311 2578 appellatus,

311 2618 550 2682 Germanorum
568 2613 739 2697 apostolus,
756 2613 843 2696 apud
862 2612 1086 2680 occidentales
1109 2615 1253 2682 Saxones
1272 2615 1310 2681 iu

310 2737 431 2820 Anglia
456 2735 548 2800 claris
570 2741 668 2798 natus
693 2732 892 2818 parentibus.
945 2733 1011 2800 Vix
1034 2755 1138 2800 annos
1168 2737 1309 2822 quinque

310 2856 534 2940 compleverat,
560 2875 636 2919 cum
664 2855 819 2918 saeculum
847 2853 1029 2937 relinquere
1057 2855 1219 2939 cogitavit,
1248 2878 1311 2922 nec

310 2977 386 3040 ullis
407 2981 578 3060 parentum
599 2973 766 3037 blanditiis
786 2973 922 3038 retineri
942 2973 1059 3057 potuit,
1075 2975 1246 3059 quominus
1268 2976 1310 3042 ad

310 3097 453 3161 vicinum
480 3094 669 3177 confugeret
696 3093 937 3159 monasterium.
981 3093 1179 3160 Adolescens
1208 3095 1310 3159 studi-

312 3237 406 3281 orum
419 3235 515 3280 causa
527 3213 564 3277 in
582 3213 793 3278 Nuteellense
811 3212 994 3278 coeucbium
1008 3212 1310 3298 commigravit,'ubi

312 3335 374 3400 sub
390 3333 561 3399 Winberto
583 3332 699 3399 abbate
719 3355 794 3398 eum
812 3333 902 3399 brevi
917 3333 954 3397 in
971 3333 1089 3399 litteris
1107 3355 1310 3418 progressum

312 3455 398 3536 fecit,
413 3461 452 3520 ut
466 3453 603 3521 docendi
616 3454 715 3519 etiam
724 3454 808 3519 ,alios
827 3476 910 3520 onus
931 3455 967 3519 in
988 3476 1022 3520 se
1044 3455 1140 3539 paulo
1155 3461 1227 3539 post
1242 3476 1310 3520 sus-

312 3575 444 3660 ceperit.
486 3576 586 3640 Anno
611 3574 715 3640 aetatis
740 3575 907 3660 trigesimo
930 3575 1106 3641 sacerdotio
1131 3575 1309 3659 decoratum,

312 3697 498 3781 injunctum
525 3695 761 3779 praedicationis
789 3696 929 3761 officium
962 3696 1100 3780 primum
1130 3696 1167 3761 in
1195 3698 1310 3781 patria,

314 3815 431 3880 deinde
453 3815 490 3882 in
513 3815 688 3880 Germania
710 3837 830 3899 magna
858 3815 1004 3880 omnium
1032 3815 1128 3881 laude
1157 3817 1311 3884 exercuit.

313 3937 472 4002 Reversus
506 3937 547 4001 ad
578 3959 675 4002 suum
703 3938 936 4002 monasterium
964 3937 1090 4003 abbatis
1119 3936 1312 4022 dignitatem

312 4057 481 4136 recmavit,
497 4056 704 4143 Danielisque
726 4058 865 4142 episcopi
884 4059 936 4123 sui
954 4058 1101 4124 munitus
1115 4057 1232 4122 litteris
1247 4058 1311 4122 Ro·

313 4201 402 4243 mam
428 4178 531 4262 petiit,
555 4186 587 4242 et
612 4200 633 4241 a
658 4177 814 4262 Gregorio
837 4177 874 4242 II
900 4179 1019 4244 iterum
1044 4178 1081 4242 in
1094 4177 1312 4259 ‘Germaniam

313 4297 549 4384 praedicationis
571 4319 668 4363 eausa
689 4298 840 4378 directus,
859 4299 1000 4383 primum
1022 4296 1241 4380 Thuringiam,
1255 4296 1312 4362 de-

313 4415 391 4480 inde
409 4415 554 4496 Frisium,
569 4415 785 4482 Willebrcrdo
804 4416 950 4502 episeopo
965 4415 1161 4501 Trajeetensi
1180 4385 1312 4501 adjunc-

313 4544 379 4616 tus,
395 4558 573 4620 aggressus,
590 4537 708 4603 multos
723 4537 764 4601 ad
779 4537 899 4602 Christi
918 4536 1016 4601 fidem
1036 4536 1202 4619 convertit.
1247 4537 1312 4602 Ro-
