3259 5467
313 689 376 750 114
457 706 634 751 soursscu
656 705 920 750 sncnrrrrscoru
938 704 978 748 ur
994 703 1173 748 ussnrnrs

354 852 461 917 Altrix
477 852 635 916 virtutum
650 857 758 914 custos
774 857 806 914 et
823 856 935 914 sancta
949 849 1096 914 vocabor.

354 956 435 1019 Arte
450 975 523 1018 mea
533 953 655 1038 jugiter
669 954 872 1037 complentur
883 953 974 1037 jussa
989 972 1139 1035 superna,

353 1059 395 1121 In
411 1057 483 1122 coeli
497 1078 600 1122 cuneo
616 1056 738 1120 Christi
753 1057 829 1140 quia
844 1055 971 1120 sedibus
987 1054 1089 1134 adsto,

353 1161 540 1245 'l'runquilla
555 1167 704 1225 eternum
719 1181 829 1243 regem
843 1157 1021 1224 comitabor
1035 1158 1071 1222 in
1087 1177 1204 1222 aevurn.

604 2237 670 2279 PAX
688 2235 777 2280 VERE
795 2235 1015 2283 cuulsrrsus.

353 2507 548 2570 Psc1r1cuu
564 2505 683 2588 passim
698 2505 790 2568 fieret
805 2505 995 2568 mortalibus
1011 2524 1126 2585 sevum,

351 2611 526 2674 AEternum
540 2608 712 2691 imperium
725 2626 871 2691 regerem
885 2607 913 2671 si
928 2609 996 2673 sola
1008 2630 1066 2694 per
1079 2609 1204 2674 orbern.

354 2709 553 2775 Christicolis
569 2710 732 2793 quondam
745 2711 900 2775 coelorum
914 2711 1057 2801 carmine
1071 2713 1172 2777 missu

355 2816 442 2879 Vera
456 2814 519 2878 Dei
535 2813 659 2878 soboles
672 2820 748 2877 ortu
763 2814 842 2877 dum
857 2814 942 2878 secla
955 2813 1072 2895 beavit,

355 2919 407 2981 En
422 2917 602 3001 regnatoris
617 2917 774 2981 seclorum
789 2908 922 2980 nomine
936 2915 1022 2982 ditor

354 3022 468 3104 Regno
483 3022 570 3084 inter
584 3020 707 3083 Christi
722 3040 848 3103 semper
862 3021 1034 3085 vernaculo
1047 3027 1158 3085 ternas

353 3124 397 3188 Et
412 3131 513 3188 terras
524 3125 687 3208 justorum
702 3122 853 3187 habitans
868 3124 982 3206 regina
995 3124 1133 3188 vocabor

354 3228 576 3311 Coelicolaeque
590 3233 705 3290 tenent
716 3226 840 3309 jugiter
855 3246 908 3289 me
922 3227 959 3289 in
973 3227 1115 3290 culmine
1132 3227 1206 3292 coeli

355 3331 515 3413 Regmina
529 3350 739 3413 quoecumque
753 3330 880 3393 illustro
895 3349 969 3393 mes
983 3329 1101 3413 gaudia
1116 3323 1247 3414 gestent

356 3483 363 3497 .
382 3481 388 3496 .
407 3481 414 3497 .
431 3479 438 3496 .
454 3432 559 3496 ivibus
574 3440 606 3496 et
622 3455 694 3496 sum
708 3432 857 3516 precibus
869 3433 938 3517 jam
952 3453 1048 3516 rogor
1063 3433 1175 3498 adesse

356 3535 494 3619 Spiritus
509 3542 542 3598 et
558 3557 672 3618 corpus
688 3535 715 3599 si
730 3535 845 3618 digner
861 3536 979 3599 servier
993 3536 1071 3619 ipsis

354 3638 481 3702 Tetrica
494 3660 678 3721 pugnarum
692 3660 760 3703 non
773 3646 927 3722 torquent
942 3639 1028 3703 bella
1041 3646 1199 3724 proterva.

354 3740 497 3804 Infames
511 3742 601 3825 fugio
616 3742 774 3806 discordia
788 3762 914 3825 semper
928 3741 1049 3826 ubique

353 3843 486 3908 Arbiter
500 3844 650 3908 aetherius
661 3845 759 3929 jussit
773 3866 827 3908 me
841 3845 878 3908 hi
893 3866 1019 3929 semper
1031 3845 1154 3912 habere

353 3947 488 4012 Nisibus
502 3948 662 4032 iniringor
675 3969 842 4013 suevorum
856 3955 890 4013 et
905 3954 1015 4014 mente
1029 3949 1174 4033 maligna

354 4053 466 4116 Aureo
478 4051 562 4116 miro
575 4052 657 4115 mihi
672 4051 729 4116 sed
742 4057 837 4135 porta
851 4059 900 4116 est
916 4052 989 4116 aula
1002 4052 1162 4136 polorum.

356 4155 433 4219 Heu
446 4155 571 4221 miseris
585 4155 683 4239 longe
699 4156 770 4239 quis
785 4178 859 4220 sum
873 4156 1064 4233 mortalibus
1077 4158 1184 4242 egris,

320 4277 323 4289 ’
356 4257 422 4323 uui
435 4258 471 4321 in
484 4259 613 4343 proprio
627 4265 714 4324 tecto
728 4280 781 4324 me
795 4259 1016 4343 dedignantur
1029 4259 1161 4340 habere,

353 4361 524 4426 Clauditur
537 4363 588 4426 his
604 4384 757 4446 superum
769 4363 845 4428 coeli
858 4363 920 4428 sub
935 4363 1068 4429 cordine
1081 4385 1232 4448 regnum.
1294 4441 1297 4449 Ι

354 4462 558 4548 Quapropter
570 4466 682 4550 populi
697 4466 796 4531 talem
810 4488 879 4532 non
894 4467 1037 4551 spernite
1051 4488 1214 4551 sponsum,

355 4564 428 4630 Qua
442 4566 512 4633 sine
526 4591 594 4634 uon
607 4569 680 4634 ooeli
694 4575 884 4656 penetratur
898 4570 1021 4655 virgine
1035 4570 1206 4656 templum.
