3259 5467
324 657 389 718 208
578 675 671 718 ΝΟΜ
688 677 728 718 E'l'
745 675 861 718 VARIAE
877 676 1067 719 merlonus

323 821 396 885 facii
412 842 439 884 c.
455 825 508 885 32.
556 821 715 898 Secundo,
736 820 813 904 quia
833 820 888 902 qui
910 820 996 884 hanc
1012 822 1182 904 epistolam
1205 824 1327 908 scripsit

323 925 477 1008 pontifex,
486 925 573 988 idem
585 923 850 1007 archiepiscopale
860 923 950 987 misit
961 925 994 987 S.
1005 924 1174 990 Bonifacio
1185 927 1326 1010 pallium,

323 1035 361 1091 ut
375 1028 411 1090 in
425 1027 495 1110 ipsa
509 1027 647 1091 refertur
665 1027 820 1110 epistola3
845 1026 901 1090 sed
917 1026 1093 1110 Gregorius
1110 1029 1179 1093 III.
1196 1036 1256 1109 est,
1273 1031 1327 1113 qui

323 1131 415 1193 illum
433 1131 552 1194 creavit
572 1130 858 1213 Archiepiscopum
878 1131 992 1194 eodem
1006 1132 1063 1196 lib.
1081 1134 1110 1196 1.
1127 1131 1216 1198 Vitae
1231 1154 1258 1197 c.
1275 1137 1325 1198 31.

322 1234 439 1311 rfertio,
461 1233 536 1316 quia
559 1239 674 1296 uotum
694 1232 845 1297 omuibus
863 1232 898 1295 in
922 1233 1144 1318 hujuscemodi
1168 1236 1274 1300 titulis
1296 1245 1327 1300 et

322 1337 464 1401 numeris
494 1357 600 1399 errare
630 1335 822 1399 Gratianum
853 1357 920 1399 nou
945 1357 1028 1400 raro.
1074 1337 1194 1404 Quoad
1222 1348 1326 1422 poste·

321 1441 437 1504 riorem
458 1461 541 1517 vero,
560 1447 674 1502 contra
693 1438 871 1502 Barouium
891 1439 1085 1523 astipulatur
1107 1441 1325 1506 Consiliorum

320 1545 439 1608 'Pomus
460 1544 507 1606 11.
532 1542 587 1625 qui
609 1541 693 1605 hanc
716 1542 865 1624 Gregorii
891 1542 959 1605 III.
983 1543 1152 1626 epistolam
1178 1553 1326 1628 quartam

320 1651 470 1708 numerat
492 1651 525 1707 et
548 1643 724 1707 Gratianus
740 1663 882 1725 persaepe
904 1662 932 1705 c.
953 1644 1040 1726 quod
1057 1646 1255 1728 proposuisti
1271 1650 1323 1711 32.

321 1770 351 1831 q.
365 1746 593 1830 7.o.parvu10s
608 1745 648 1808 de
663 1765 803 1809 consecr.
821 1745 852 1808 d.
868 1749 900 1808 4.
911 1766 938 1809 c.
956 1746 996 1809 de
1010 1747 1141 1811 homine
1157 1748 1189 1811 d.
1201 1752 1231 1812 5.
1247 1750 1323 1814 ibid.

320 1852 471 1915 Bellarm.
487 1850 542 1914 lib.
558 1852 590 1912 4.
607 1848 647 1911 de
667 1849 761 1911 Rom.
782 1848 903 1912 Pontif.
924 1869 992 1932 cap.
1011 1850 1100 1913 121.
1119 1853 1148 1914 1.
1166 1851 1207 1916 de
1227 1860 1322 1917 matr.

319 1977 346 2017 e.
366 1958 415 2019 17.
432 1964 465 2017 et
479 1953 540 2037 ipsi
555 1952 653 2016 etiam
668 1952 754 2034 apud
769 1951 919 2015 eumdem
935 1951 1186 2017 Centuriatores.
1228 1956 1326 2020 Hisce

318 2067 428 2120 tamen
444 2056 594 2120 omnibus
609 2055 832 2138 praeponderat
846 2055 881 2117 in
897 2055 998 2138 ipsius
1008 2057 1152 2140 epistolae
1163 2059 1230 2122 fine
1241 2073 1324 2124 tem-

318 2162 403 2244 poris
421 2160 583 2238 indicatio,
600 2180 705 2222 annus
722 2157 869 2241 videlicet
884 2159 1019 2222 Isaurici
1034 2159 1154 2224 Leonis
1168 2161 1324 2240 decanus,

317 2266 387 2348 ejus
407 2265 465 2327 filii
489 2261 684 2345 copronymi
708 2262 874 2344 septimus,
897 2262 1038 2327 Indictio
1060 2264 1195 2330 decima.
1241 2266 1324 2330 Cum

317 2376 393 2430 ante
407 2367 618 2431 indictionem
630 2366 722 2429 XIV.
734 2364 944 2449 ejusdemque
955 2366 1074 2430 Leonis
1088 2388 1213 2431 annum
1229 2369 1321 2434 XVI.

316 2491 421 2553 neque
443 2478 590 2532 mortuus
612 2468 708 2532 fuerit
732 2469 907 2550 Gregorius
924 2469 972 2532 II.
988 2470 1038 2532 uti
1059 2478 1201 2534 testatur
1214 2473 1318 2536 Anas·

316 2573 417 2636 tasius
443 2572 719 2649 Bibliothecarius‚
743 2592 848 2654 neque
872 2571 914 2634 ad
942 2572 1168 2655 pontificatum
1200 2575 1320 2639 electus

317 2675 492 2757 Gregorius
511 2675 578 2737 III.
599 2674 743 2757 Ideoque
762 2674 849 2737 etin
871 2674 969 2758 hujus
993 2676 1065 2738 126.
1087 2697 1145 2740 ora
1161 2677 1235 2761 lege
1257 2678 1321 2742 sic:

317 2779 435 2841 Boron.
464 2798 551 2841 anno
576 2778 790 2842 DCCXXVI.
818 2778 951 2860 Gregor.
977 2778 1024 2842 II.
1047 2779 1117 2844 haec
1141 2781 1231 2844 enim
1254 2783 1321 2866 ejus

316 2880 432 2944 verba:
458 2881 520 2944 Hae
546 2881 693 2963 Gregorii
711 2881 760 2944 II.
788 2881 906 2946 litterae
929 2888 1015 2960 sunt,
1031 2882 1088 2946 sed
1104 2883 1190 2946 male
1209 2886 1321 2968 positae

316 2985 376 3048 sub
397 2985 553 3067 Gregorio
568 2984 635 3047 ΙΙΙ.
652 2984 811 3067 siquidem
832 3005 871 3047 ex
894 2984 1077 3048 Indictione
1099 2986 1135 3049 in
1157 3006 1196 3050 ea
1217 2988 1320 3070 posita

315 3089 376 3151 hoc
391 3110 477 3152 anno
493 3087 706 3152 DCCXXVI.
723 3107 792 3150 esse
808 3086 934 3170 scriptae
949 3088 1164 3170 reperiuntur.
1323 3144 1329 3151 .

358 3193 418 3275 Ep.
435 3196 488 3270 25,
504 3215 535 3275 p.
552 3191 604 3269 67,
619 3191 641 3253 1.
661 3191 701 3251 16
716 3189 750 3252 in
765 3190 919 3253 talis—in
933 3190 1052 3254 talibus
1067 3191 1120 3254 W.
1133 3191 1170 3254 in
1184 3213 1317 3275 marg:

315 3296 336 3357 1.
355 3299 395 3360 17
412 3293 653 3379 palatii-pallii
668 3293 721 3355 W.
741 3293 776 3355 in
791 3293 937 3376 margine
949 3294 1009 3357 =1.
1028 3296 1077 3357 19.
1095 3294 1189 3358 Inter
1203 3296 1317 3359 Archi-

315 3398 477 3480 episcopos
490 3398 560 3480 dte]
596 3397 753 3478 “Nempe
764 3396 1020 3480 archiepiscopus
1034 3418 1123 3480 vagae
1138 3406 1171 3461 et
1186 3399 1317 3462 incertae

316 3500 409 3576 sedis,
423 3500 509 3582 quod
524 3522 576 3562 an.
593 3499 826 3562 DCCXXXII.
843 3499 990 3582 contigit,
1008 3499 1165 3582 Gregorio
1175 3502 1242 3565 ΙΙΙ.
1253 3502 1317 3565 suf-

315 3603 399 3665 fecto
418 3603 453 3664 in
469 3603 629 3666 demortui
644 3602 749 3666 locum
766 3624 853 3666 anno
869 3603 1033 3685 superiori,
1049 3624 1114 3686 quo
1131 3604 1317 3668 Bonifacius

315 3705 448 3769 nuntios
464 3727 537 3769 suos
552 3707 690 3768 Romam
705 3706 847 3770 miserat.
898 3706 949 3769 De
965 3705 1039 3769 sede
1054 3705 1316 3789 Magantiacensi

315 3809 480 3873 Bonifacio
496 3808 653 3872 attributa
668 3809 809 3872 dicemus
830 3809 922 3872 infra.
968 3809 1022 3872 Ad
1041 3808 1175 3891 pallium
1195 3817 1317 3894 spectat

313 3915 356 3991 id,
383 3915 469 3997 quod
492 3914 602 3976 scribit
625 3912 811 3977 Bonifacius
831 3913 866 3975 in
889 3933 938 3995 ep.
958 3912 1026 3975 CV.
1050 3913 1092 3975 ad
1115 3912 1316 3977 Cudbertum

314 4018 598 4101 Archiepiscopum
610 4015 877 4079 cantuariensem
887 4016 1029 4096 :Major
1039 4015 1127 4078 nobis
1141 4015 1315 4079 sollicitudo

314 4124 510 4185 ecclesianam
530 4126 560 4183 et
580 4139 655 4182 curu
669 4121 854 4200 populosam
870 4125 1003 4199 propter
1020 4119 1125 4199 pallia
1145 4120 1266 4182 eredita
1286 4124 1316 4181 et

312 4232 444 4305 recepta,
461 4245 552 4307 quam
566 4224 684 4285 caeteris
699 4223 856 4302 qriscopie,
874 4223 926 4303 qui
939 4223 1090 4303 propr-tas
1104 4227 1227 4286 tantam
1239 4243 1314 4304 pro·

313 4334 423 4390 cureat
437 4327 615 4407 parochias,
631 4325 824 4387 incumbit:
871 4325 913 4387 Iu
934 4346 982 4408 ep.
1004 4325 1066 4388 VI.
1086 4325 1128 4388 ad
1147 4326 1314 4409 populares

313 4454 387 4494 suos
417 4430 601 4493 Bonifacius
633 4428 696 4491 ait:
734 4449 767 4491 se
796 4429 927 4490 duorum
956 4429 1142 4510 Pontificum
1165 4431 1313 4492 Romana

312 4538 459 4598 Ecclesia
471 4532 706 4596 benedictionem
716 4532 899 4611 occepisse.'’
916 4533 968 4594 W.
978 4533 1031 4595 Ξ1.
1043 4536 1094 4596 21.
1107 4533 1313 4615 Itaque-ita
