3259 5467
593 701 633 741 rr
652 700 826 742 ursarius
843 700 1030 743 saauouas.
1244 724 1248 738 .
1270 682 1323 743 95⁴

688 1100 843 1187 sa'amo
867 1124 946 1188 rur.

488 1292 678 1354 Euburiatio
695 1292 732 1354 de
737 1292 869 1373 jejuniis
884 1294 1134 1376 quadrupeeimae.

356 1465 386 1525 1.
409 1462 484 1526 Nos
499 1484 610 1526 sumus
626 1463 804 1540 constituti,
822 1461 1019 1526 dilectissimi
1033 1464 1158 1543 fratres,
1174 1473 1212 1530 ut
1227 1466 1324 1547 vobisv

308 1565 394 1628 viam
411 1565 522 1629 salutis
537 1573 651 1629 vestrae
665 1566 882 1644 ostendamus,
898 1573 995 1648 prout
1016 1567 1123 1631 divina
1143 1569 1321 1634 clementia

311 1669 561 1751 intelligentiam
581 1669 674 1732 nobis
695 1669 770 1732 dare
791 1669 953 1751 dignatur.
1000 1671 1079 1735 Ideo
1102 1693 1261 1754 rogamus,
1278 1680 1318 1737 ut

311 1773 575 1836 intentamente
601 1780 634 1836 et
659 1773 713 1856 pia
742 1772 910 1837 devotione
935 1776 1068 1839 Domini
1097 1775 1251 1839 mandata
1280 1777 1316 1840 in

312 1876 403 1939 omni
426 1876 506 1939 hora
528 1876 700 1959 diligenter
719 1877 824 1940 facere
846 1878 1012 1956 studeatis,
1035 1876 1073 1942 ut
1095 1878 1130 1941 in
1157 1878 1313 1942 charitate

314 1979 423 2043 divina
445 1980 573 2058 firmati,
596 1980 693 2043 nullis
713 1980 950 2045 tentationibus
973 1981 1013 2046 ab
1035 1982 1091 2044 illa
1112 1982 1314 2064 separemini,

315 2083 372 2147 sed
388 2104 513 2166 semper
526 2084 680 2148 iacientes
699 2084 785 2166 quod
805 2084 929 2148 bonum
949 2092 1008 2164 est,
1024 2084 1195 2148 abundetis
1210 2085 1245 2147 in
1261 2106 1317 2167 spe

315 2193 349 2250 et
372 2186 782 2270 virtuteSpiritus-sancti,
805 2193 843 2249 ut
869 2209 926 2270 per
951 2188 1020 2270 ejus
1049 2189 1196 2271 gratiam,
1219 2187 1317 2251 fidem

316 2312 414 2375 quam
437 2290 611 2374 accepistis,
635 2297 668 2354 et
694 2291 855 2374 baptisma
877 2313 1062 2356 conservare
1086 2291 1216 2356 valeatis
1241 2299 1317 2355 ante

315 2401 525 2478 conspectum
540 2395 657 2457 summi
669 2395 732 2458 Dei
746 2402 779 2458 et
797 2395 968 2458 Salvatoris
984 2396 1086 2459 nostri
1098 2397 1118 2459 J
1120 2416 1177 2460 esu
1185 2395 1317 2472 Christi,

316 2499 392 2582 quia
414 2498 512 2562 creati
535 2519 646 2561 sumus
672 2498 713 2560 ad
738 2498 869 2562 laudem
891 2500 942 2562 sui
963 2501 1067 2565 sancti
1088 2499 1238 2579 nominis,
1262 2500 1317 2583 qui

316 2601 427 2665 dilexit
447 2623 506 2665 nos
526 2608 559 2664 et
580 2601 658 2664 lavit
679 2623 738 2664 nos
759 2623 779 2664 a
800 2602 939 2684 peccatis
962 2603 1081 2667 nostris
1102 2604 1137 2667 in
1160 2603 1317 2687 sanguine

316 2726 393 2769 suo:
428 2705 504 2787 quia
528 2710 667 2768 mortem
690 2726 749 2789 pro
772 2704 866 2769 nobis
892 2706 1054 2783 sustinuit,
1078 2714 1117 2771 ut
1142 2728 1199 2790 per
1225 2727 1317 2769 suam

316 2814 455 2872 mortem
471 2808 649 2871 destrueret
670 2829 745 2871 eum
766 2808 822 2891 qui
843 2808 984 2873 habebat
1004 2810 1117 2874 mortis
1136 2809 1318 2892 imperium,

316 2911 351 2974 id
370 2918 419 2975 est
437 2911 610 2990 diabolum,
629 2918 663 2975 et
684 2912 865 2975 humanum
884 2934 987 2996 genus
1007 2913 1047 2976 ab
1068 2914 1137 2996 ejus
1156 2918 1316 2996 potestate

317 3016 464 3099 eripiens,
476 3017 602 3099 aperuit
617 3016 822 3080 credentibus
836 3038 937 3099 regna
952 3016 1115 3094 caelorum,
1127 3015 1183 3079 ubi
1193 3015 1320 3098 perfru-

317 3125 420 3182 untur
433 3119 533 3183 vitam
548 3126 702 3184 aeternam
717 3120 836 3199 fideles,
846 3121 989 3183 fructum
1004 3119 1181 3182 maximum
1195 3117 1319 3181 haben-

317 3230 366 3285 tes
381 3231 510 3286 aeternae
526 3224 609 3287 vitae.
640 3224 805 3288 Maximus
820 3224 945 3287 fructus
960 3229 1008 3286 est
1024 3223 1109 3285 solus
1125 3223 1223 3300 Deus,
1239 3220 1315 3284 vitae

320 3333 448 3390 aeternae
463 3334 695 3406 remunerator,
708 3336 741 3392 et
755 3328 829 3391 ideo
844 3326 1019 3390 secundum
1037 3327 1140 3389 solum
1156 3327 1263 3389 Deum
1284 3335 1318 3392 et

319 3430 495 3494 Dominum
512 3438 660 3494 nostrum
675 3428 854 3510 adoremus,
870 3437 903 3495 et
923 3431 984 3513 ipsi
1004 3430 1062 3494 soli
1082 3430 1264 3509 serviamus,
1280 3438 1318 3497 ut
1337 3459 1342 3468 ’

317 3533 385 3615 ipse
407 3555 467 3597 nos
488 3555 695 3598 remunerare
721 3535 874 3618 dignetur
902 3534 1044 3598 fructum
1074 3535 1318 3618 amplissimum.

320 3636 495 3718 Fugiamus
510 3638 620 3701 omnia
638 3660 709 3721 quae
728 3638 893 3702 diabolicae
916 3639 1083 3722 subjacent
1102 3640 1265 3723 potestati,
1280 3646 1319 3703 ut

319 3739 428 3801 divina
448 3740 568 3804 virtute
589 3741 740 3820 roborati,
756 3742 985 3826 praevaleamus
1007 3749 1120 3806 contra
1142 3745 1211 3827 ejus
1234 3744 1317 3807 anti-

319 3864 401 3926 quas
415 3843 585 3925 nequitias.

361 3947 393 4007 2.
417 3945 592 4025 Debemus,
608 3936 764 4011 carissimi
780 3948 905 4026 fratres,
921 3949 1172 4013 misericordiam
1192 3949 1316 4012 redem-

319 4049 398 4111 toris
412 4050 517 4112 nostri
531 4049 665 4113 Domini
676 4052 697 4114 J
698 4072 756 4115 esu
768 4051 890 4115 Christi
905 4053 994 4115 omni
1009 4052 1179 4115 devotione
1194 4073 1319 4134 semper

318 4151 460 4230 laudare,
481 4159 515 4216 et
536 4153 590 4236 pia
610 4154 793 4218 intentione
815 4155 885 4238 ejus
906 4161 1067 4239 praecepto
1089 4176 1148 4219 nos
1170 4153 1317 4234 subdere,

319 4276 394 4318 cum
409 4254 496 4319 bona
509 4257 676 4322 voluntate
690 4265 723 4322 et
738 4254 895 4323 charitate
911 4259 1044 4336 sincera,
1054 4257 1194 4321 maxime
1208 4263 1320 4345 tamen

318 4357 355 4419 in
369 4356 438 4421 istis
454 4358 572 4422 sanctis
587 4360 699 4424 diebus
714 4382 786 4444 quae
800 4383 889 4425 nunc
903 4361 1073 4444 incipiunt,
1090 4359 1231 4424 animam
1245 4381 1319 4424 nos-

319 4466 405 4522 tram
421 4466 454 4525 et
469 4482 583 4546 corpus
599 4464 933 4548 jejunandaorando,
951 4465 1186 4545 eleemosynam
1202 4463 1320 4542 dando,

320 4565 480 4647 majestati
506 4566 621 4631 diviuae
649 4569 860 4648 committere,
886 4567 961 4651 quia
989 4589 1047 4652 pro
1077 4572 1188 4631 nostra
1217 4567 1321 4632 salute
