3259 5467
413 678 457 740 90
701 695 1140 753 nourracnuacumrrscorr

414 860 474 903 nos
497 838 537 902 ab
560 838 688 902 aeternis
711 837 874 921 suppliciis
896 836 1015 901 faceret
1038 837 1158 913 salvos3
1182 837 1336 921 colaphos
1350 857 1418 920 per-

415 941 502 1019 tulit,
514 948 552 1003 ut
567 941 660 1004 nobis
675 960 833 1023 perennes
847 939 985 1002 honores
1000 938 1085 1003 inter
1100 940 1213 1017 cheros
1229 941 1419 1024 angelorum

414 1043 584 1121 tribueret,
600 1044 636 1106 in
652 1043 706 1106 siti
721 1064 780 1106 sua
794 1041 875 1105 fellis
892 1041 1141 1107 amaritudinem
1156 1043 1291 1127 accepit,
1308 1050 1347 1108 ut
1362 1065 1418 1107 nos

415 1153 538 1210 aeterna
553 1145 723 1209 dulcedine
738 1144 917 1214 debriaret:
939 1152 978 1209 ut
994 1145 1094 1210 vitam
1108 1146 1245 1210 mortuis
1260 1167 1418 1231 praepara-

414 1254 475 1326 ret,
491 1269 594 1331 usque
616 1248 658 1311 ad
679 1253 815 1311 mortem
838 1247 909 1331 ipsa
930 1247 1009 1311 Vita
1024 1248 1180 1330 pervenit.
1211 1249 1419 1338 curitaque

417 1358 566 1434 asperum
588 1351 738 1428 creditur,
759 1358 797 1414 ut
820 1372 840 1414 a
861 1351 932 1415 Deo
954 1350 1051 1416 homo
1072 1352 1190 1416 toleret
1211 1350 1341 1435 flagella
1361 1373 1419 1437 pro

416 1455 519 1534 malis,
543 1455 570 1518 si
593 1461 686 1519 tanta
709 1454 799 1517 Deus
825 1454 911 1518 mala
931 1454 1065 1537 pertulit
1089 1455 1129 1519 ab
1152 1455 1340 1523 hominibus
1362 1477 1418 1540 pro

415 1557 531 1622 bonis?
564 1563 620 1622 aut
647 1555 702 1640 qui
727 1579 806 1620 sana
829 1556 1045 1640 intelligentia
1070 1558 1110 1622 de
1133 1558 1338 1642 percussione
1362 1581 1419 1623 sua

415 1661 563 1744 ingratus
579 1659 713 1738 exsistit,
730 1661 757 1722 si
771 1659 840 1742 ipse
855 1659 932 1724 hinc
947 1660 1016 1725 sine
1030 1661 1157 1744 flagello
1172 1683 1239 1725 non
1260 1661 1349 1741 exiit,
1366 1661 1419 1745 qui

415 1764 468 1828 hic
484 1763 552 1827 sine
567 1769 698 1847 peccato
719 1763 823 1826 vixit?
870 1763 950 1827 Haec
972 1764 1082 1829 omnia
1104 1772 1136 1828 et
1159 1764 1222 1828 alia
1243 1759 1349 1829 multa
1369 1786 1417 1828 re-

416 1867 542 1931 demtor
556 1873 666 1929 noster
681 1887 739 1949 pro
761 1873 873 1929 nostra
896 1866 1000 1931 salute
1020 1861 1184 1946 sustinuit,
1200 1874 1234 1932 ct
1248 1890 1309 1932 nos
1325 1867 1418 1931 debe·

415 1957 488 2034 mus
503 1992 562 2054 pro
576 1969 645 2053 ejus
662 1969 888 2033 amoreomnia
899 1969 977 2034 vitia
988 1977 1021 2035 et
1031 1971 1307 2055 concupiscentias
1318 1973 1417 2035 malas

415 2059 606 2157 relinquere,
624 2072 699 2155 quia
713 2073 768 2136 ille
782 2094 842 2136 nos
857 2072 892 2136 in
907 2080 1039 2137 tantum
1054 2063 1183 2164 amarit,
1198 2081 1238 2166 ut
1251 2096 1312 2159 pro
1326 2074 1424 2141 nobis.

418 2198 514 2240 suum
544 2183 693 2240 sanctum
720 2176 913 2259 sanguinem
939 2177 1069 2241 fuderit.
1127 2178 1310 2262 Sequemur
1334 2199 1417 2261 ergo,

416 2281 531 2344 fiatres
546 2278 710 2358 carissimi,
721 2279 901 2344 districtam
912 2286 944 2344 et
957 2302 1102 2364 asperam
1117 2281 1309 2364 redemtoris
1324 2283 1415 2345 viam.

417 2367 496 2446 Non
511 2404 571 2445 nos
585 2389 787 2446 terrenarum
803 2404 894 2446 amor
914 2389 1052 2467 superet,
1068 2406 1135 2449 non
1153 2385 1304 2469 superbia
1320 2385 1418 2462 inflet,

418 2506 485 2547 non
507 2485 555 2548 ira
577 2483 719 2562 dilaniet,
736 2508 802 2549 non
820 2485 949 2549 luxuria
965 2487 1097 2570 polluat,
1114 2509 1182 2551 non
1201 2488 1325 2552 invidia
1346 2510 1417 2552 con·

418 2594 535 2651 sumat.
566 2588 686 2652 Amore
701 2595 822 2667 nostro,
832 2590 945 2653 fratres
957 2582 1121 2670 carissimi,
1132 2590 1298 2656 redemtor
1312 2600 1419 2658 noster

419 2688 579 2769 occubuit,
599 2699 632 2754 et
654 2714 713 2755 nos
736 2714 844 2756 amore
865 2693 934 2776 ejus
953 2693 1112 2758 discamus
1131 2694 1260 2759 vincere
1280 2702 1418 2760 nosmet-

418 2794 513 2877 ipsos.
531 2794 616 2878 quod
638 2795 665 2857 si
684 2795 824 2878 perfecte
844 2797 980 2878 agimus,
1001 2818 1069 2861 non
1088 2797 1192 2863 solum
1213 2797 1419 2864 imminentes

418 2918 529 2980 poenas
550 2896 723 2977 evadimus,
740 2898 795 2962 sed
819 2901 983 2964 communi
995 2886 1080 2965 'cum
1101 2901 1301 2986 martyribus
1319 2903 1400 2987 glou

419 3021 674 3066 remuneramur.
1208 3071 1209 3074 ,
1422 3087 1424 3091 ,

427 3088 430 3093 ‚
463 3107 493 3168 2.
520 3105 616 3169 Hanc
624 3105 734 3189 itaque
746 3128 834 3190 spem
846 3096 1014 3186 habentes,
1024 3107 1139 3172 iratres
1151 3108 1319 3189 carissimi,
1329 3132 1418 3174 mun·

420 3207 532 3270 demus
547 3230 607 3272 nos
623 3208 662 3273 ab
682 3205 781 3272 omni
792 3203 1039 3292 inquinamento
1058 3198 1162 3275 carnis
1181 3220 1213 3275 et
1224 3197 1375 3296 spiritus,
1390 3219 1419 3277 et

421 3309 574 3394 quicquid
589 3313 711 3375 malum
727 3334 764 3376 ac
784 3312 949 3376 sordidum
972 3319 1031 3392 est,
1047 3334 1107 3378 nec
1122 3300 1261 3398 'corpore
1279 3303 1422 3402 agamus,

419 3434 480 3476 nec
502 3412 610 3490 animo
632 3415 821 3497 cogitemus,
838 3415 921 3479 sicut
940 3415 1031 3480 decet
1052 3423 1189 3497 sanctos,
1203 3424 1244 3482 ut
1260 3418 1297 3481 in
1315 3421 1421 3485 futura

419 3515 654 3607 resurrectione
670 3517 711 3580 ad
726 3518 861 3601 gloriam
876 3541 943 3582 non
963 3520 1005 3582 ad
1021 3541 1150 3603 poenam
1165 3521 1213 3584 ire
1230 3543 1420 3587 mereamur.

420 3609 597 3680 Alii'e'nim
615 3627 796 3702 resurgent,
812 3628 850 3684 ut
873 3644 892 3685 a
912 3622 983 3686 Deo
1003 3623 1146 3687 coelestia
1163 3625 1297 3708 praemia
1315 3647 1421 3690 conse·

422 3725 571 3800 quantur,
588 3719 641 3782 alii
657 3742 730 3784 vcro
746 3730 783 3785 ut
799 3744 873 3786 cum
889 3725 1015 3789 diabolo
1031 3731 1152 3789 aeterna
1165 3733 1331 3816 tormenta
1345 3728 1422 3812 pati·

420 3828 527 3900 antur.
561 3822 613 3885 Sic
629 3822 717 3885 enim
733 3823 772 3887 de
787 3825 906 3909 iniquis
918 3833 951 3890 et
960 3828 1089 3911 injustis
1102 3828 1263 3893 Dominus
1277 3831 1314 3893 in
1329 3852 1420 3894 evan·

421 3920 504 4006 gelio
532 3924 629 3989 dicit:
660 3927 744 3990 lunc
768 3929 856 3992 ibunt
878 3931 966 4012 impii
988 3933 1022 3994 iu
1045 3933 1145 4013 ipaem
1167 3938 1326 4012 aternum,
1341 3934 1422 4017 justi

421 4034 522 4090 autem
542 4023 576 4091 ia
594 4023 696 4092 citum
711 4037 866 4096 selmum.
914 4033 1010 4098 Hanc
1025 4055 1110 4117 erg0,
1126 4034 1242 4098 fratres
1257 4036 1421 4113 carissimi,

420 4134 697 4211 resurrectionem,
715 4156 786 4217 quae
801 4136 982 4218 apostolicis
1003 4159 1040 4200 ac
1055 4137 1170 4200 divinis
1185 4138 1316 4202 vocibus
1332 4138 1421 4203 robo-

420 4242 492 4298 rata
518 4243 576 4314 est,
600 4237 781 4300 firmissime
806 4239 976 4303 custodite.
1024 4240 1146 4304 Scitote
1171 4243 1422 4305 resurrexissea

421 4339 557 4401 mortuis
572 4339 751 4403 Dominum
766 4348 914 4405 nostrum
931 4344 952 4406 J
954 4364 1043 4407 esum
1056 4343 1232 4423 Christum,
1246 4353 1279 4409 et
1294 4345 1421 4409 immor-

422 4441 521 4503 talem
544 4442 666 4505 factum
691 4443 801 4507 sedere
827 4445 867 4508 ad
892 4445 1057 4510 dexteram
1083 4447 1199 4526 Patris,
1224 4449 1281 4530 qui
1303 4470 1363 4512 nos
1385 4447 1423 4510 ad

424 4543 539 4608 similia
553 4547 796 4610 resurrectionis
811 4549 942 4637 praemia
961 4571 1131 4633 provocare
1153 4550 1318 4633 dignatur.
1345 4552 1422 4620 Ex-
