3259 5467
606 687 649 730 nr
664 687 833 730 usarrms
848 686 1011 731 concurs.
1267 672 1308 732 23

353 836 395 898 X.
421 834 487 900 uui
500 833 612 897 relicto
623 853 681 896 suo
696 834 843 916 episcopo
859 831 900 897 ad
915 831 1014 896 alium
1029 834 1186 913 convolat,
1196 834 1308 918 degra-

310 938 416 1002 detur.

355 1041 416 1105 XI.
441 1041 490 1104 Ut
502 1039 634 1103 abbates
649 1039 700 1103 vel
711 1038 881 1102 abbatissae
890 1039 935 1103 sie
950 1045 1036 1103 caste
1045 1039 1162 1119 vivant,
1175 1046 1211 1104 ut
1226 1042 1312 1124 apud

311 1145 474 1228 subjectos
497 1143 721 1226 subjectasque
743 1143 873 1206 illorum
895 1142 946 1206 vel
970 1143 1099 1207 illarum
1128 1145 1310 1228 exemplum

313 1247 488 1312 ostendant
505 1253 624 1310 sanctae
641 1245 911 1324 conversationis;
934 1246 1017 1330 quod
1038 1247 1065 1310 si
1082 1268 1149 1311 uon
1163 1247 1308 1328 fecerint,

311 1350 352 1415 ab
371 1351 519 1434 episeopo
539 1349 751 1432 corrigantur.
798 1349 834 1411 Si
849 1356 958 1413 autem
974 1350 1157 1434 episcopum
1175 1352 1308 1417 minime

311 1453 483 1528 audierint,
499 1453 664 1537 episcopus
679 1452 864 1537 imperatori
878 1453 1019 1517 indicare
1033 1454 1138 1518 faeiat.

355 1557 437 1621 XII.
461 1557 509 1620 Ut
539 1556 710 1639 diligenter
742 1557 963 1640 unusquisque
993 1557 1157 1640 episcopus
1187 1557 1223 1621 in
1253 1580 1311 1622 sua

312 1659 463 1743 parochia
483 1659 664 1742 praevideat,
688 1664 721 1723 et
742 1659 800 1722 ubi
828 1659 1059 1723 monasterium
1080 1659 1310 1725 monachorum
1363 1728 1367 1735 ,

312 1763 421 1841 fuerit,
443 1761 470 1824 si
488 1761 679 1844 regulariter
698 1760 817 1839 vivant,
833 1766 866 1824 et
887 1762 1092 1826 monachice:
1123 1763 1180 1828 ubi
1202 1770 1310 1828 autem

313 1864 469 1930 canoniea
482 1865 548 1928 vita
561 1863 668 1942 fuerit,
683 1863 767 1928 bene
782 1871 815 1929 et
830 1864 983 1928 canonice
997 1864 1115 1929 vivant.

356 1969 458 2033 XIII.
482 1969 530 2032 Ut
550 1967 688 2051 episcopi
713 1967 893 2050 puellarum
915 1967 1108 2031 monasteria
1134 1968 1312 2052 diligentis-

314 2073 394 2137 sime
418 2077 678 2156 perscrutentur:
703 2070 861 2153 quomodo
889 2070 1031 2154 primum
1055 2070 1125 2154 ipsa
1150 2072 1311 2137 abbatissa

314 2197 383 2240 sese
404 2175 579 2253 contineat,
603 2180 660 2238 aut
685 2180 771 2238 caste
796 2173 902 2237 vivat:
926 2173 1042 2239 deinde
1062 2196 1119 2238 seu
1139 2174 1309 2258 diligenter

314 2277 529 2343 discutiantur
553 2298 708 2356 nonanes,
735 2266 778 2341 ne
804 2277 997 2341 adulterium
1022 2284 1055 2343 et
1083 2278 1310 2344 fornicationes

312 2381 443 2460 faciant,
460 2388 494 2446 et
510 2382 606 2445 hoca
624 2380 800 2466 praepositis
822 2381 1089 2446 monasteriorum
1109 2403 1310 2467 summopere

313 2484 507 2569 inquiratur.

357 2588 453 2652 XIV.
476 2588 526 2652 De
535 2588 736 2652 monasteriis
748 2589 936 2673 puellarum,
948 2596 985 2653 ut
996 2589 1188 2674 presbyteris
1198 2611 1310 2674 oppor-

313 2698 395 2756 tuno
405 2697 550 2775 tempore
565 2691 786 2756 admissurum
801 2693 956 2756 solemnia
963 2692 1057 2756 liceat
1071 2693 1136 2757 illie
1152 2693 1309 2773 advenire,

315 2801 348 2859 et
362 2794 483 2859 iterum
498 2794 539 2857 ad
553 2795 695 2877 proprias
710 2795 858 2860 ecclesias
872 2795 985 2860 redire.

358 2898 433 2962 XV.
458 2898 507 2961 Ut
520 2898 592 2981 plus
610 2920 679 2962 non
692 2898 867 2962 mittantur
880 2899 916 2962 in
934 2901 1128 2964 monasterio
1143 2901 1309 2965 canonico·

314 3023 390 3066 rum
404 3007 502 3085 atque
520 3002 760 3081 monachorum,
776 3022 833 3066 seu
854 3001 1039 3085 puellarum,
1056 3024 1153 3086 quam
1168 3003 1311 3067 sufficere

315 3105 450 3188 possint.

360 3208 453 3271 XVI.
477 3208 525 3272 Ut
540 3208 760 3292 unusquisque
775 3209 990 3292 episcopusin
1005 3231 1062 3272 sua
1076 3209 1225 3292 parochia
1240 3209 1309 3272 dili-

316 3317 430 3394 genter
451 3310 602 3376 discutiat
621 3333 695 3375 suos
716 3311 917 3396 presbyteros
943 3319 976 3377 et
992 3312 1088 3376 faciat
1117 3319 1154 3376 ut
1182 3312 1311 3375 illorum

316 3413 491 3497 signacula,
508 3422 540 3479 et
554 3414 742 3498 baptisteria
755 3414 838 3479 bene
852 3415 990 3480 faciant:
1014 3422 1047 3480 et
1062 3416 1216 3481 edoceant
1224 3437 1310 3500 pres-

315 3516 456 3600 byteros,
477 3517 554 3602 quid
572 3518 608 3581 in
625 3518 681 3582 illo
697 3517 885 3601 baptisterio
905 3521 1156 3604 unumquodque
1178 3520 1310 3585 verbum

314 3620 366 3684 vel
380 3620 542 3685 sententia
555 3642 611 3704 per
626 3643 659 3685 se
674 3621 843 3704 significet.

358 3723 471 3787 XVII.
495 3724 543 3787 Ut
576 3724 796 3807 unusquisque
833 3725 998 3809 presbyter
1027 3747 1046 3789 a
1080 3749 1137 3791 suo
1166 3728 1311 3812 episcopo

315 3825 508 3891 discutiatur
526 3825 695 3910 diligenter
714 3827 754 3892 de
776 3850 834 3891 sua
847 3829 914 3891 vita
932 3837 965 3892 et
987 3831 1244 3894 conversatione:
1267 3853 1309 3894 ne

315 3929 448 3994 omnino
462 3930 610 3994 foeminas
626 3952 735 3994 seeum
749 3930 869 3995 habeat
883 3931 919 3994 in
934 3931 1029 3996 domo
1044 3955 1101 3997 sua
1115 3933 1307 3997 habitantes.

358 4033 492 4097 XVIII.
517 4033 553 4097 Si
567 4035 638 4119 quis
652 4034 834 4118 egredietur
850 4055 867 4098 e
882 4055 1021 4118 corpore,
1034 4035 1146 4099 ultimo
1157 4042 1190 4100 et
1200 4056 1308 4100 neces-

316 4137 399 4200 sario
413 4136 528 4202 viatim
542 4137 675 4201 minime
689 4137 842 4220 privetur.

358 4238 455 4304 XIX.
478 4241 556 4305 Non
570 4240 645 4304 licet
658 4247 824 4304 mortuum
838 4263 933 4326 super
947 4249 1111 4306 mortuum
1125 4241 1222 4305 mitti.

361 4343 433 4407 XX
457 4343 535 4407 Non
563 4344 638 4408 licet
666 4344 802 4409 mortuis
826 4344 1050 4411 eucharistiam
1078 4366 1139 4408 nee
1168 4345 1311 4409 osculum

317 4446 419 4526 tradi3
443 4469 502 4512 nec
517 4446 557 4511 de
571 4449 648 4513 velis
662 4449 712 4513 vel
726 4449 831 4532 palliis
846 4471 977 4533 corpora
992 4469 1102 4512 eorum
1116 4448 1241 4512 involvi.

362 4550 453 4616 XXI.
476 4551 554 4617 Non
579 4552 653 4618 licet
678 4553 714 4617 in
740 4553 873 4618 ecclesia
898 4553 1009 4617 choros
1038 4551 1236 4616 saecularium
1261 4550 1310 4614 vel
