3259 5467
313 696 353 757 16
582 715 760 759 nourrucn
777 696 1041 759 sacninrrscorr

313 862 515 927 commodata
542 861 615 939 fuit,
640 860 771 925 ecclesia
797 882 872 925 cum
897 860 1025 944 propria
1048 859 1186 944 pecunia
1210 879 1314 923 reves-

312 966 374 1030 tita
400 965 451 1044 sit,
478 965 671 1028 etiterum:
705 964 732 1027 si
757 965 930 1028 necessitas
956 969 1059 1047 coget,
1086 970 1142 1029 aut
1168 963 1316 1047 princeps

311 1067 434 1152 jubeat,
457 1067 636 1151 precarium
658 1073 839 1146 renovetur,
862 1074 895 1131 et
916 1067 1111 1132 rescribatur
1131 1088 1262 1144 novum,
1286 1077 1317 1130 et

315 1171 446 1235 omnino
462 1170 656 1249 observetur,
668 1178 704 1234 ut
721 1170 860 1235 ecclesiae
874 1172 925 1234 vel
939 1171 1134 1235 monasteria
1148 1170 1317 1254 penuriam

315 1280 599 1358 paupertatemque
619 1295 685 1337 non
704 1275 880 1356 patiantur,
897 1296 1033 1357 qnorum
1047 1274 1183 1357 pecunia
1196 1273 1233 1336 in
1247 1294 1317 1357 pre·

316 1377 400 1439 cario
420 1377 561 1458 praestita
583 1377 642 1439 sit:
668 1376 724 1439 scd
747 1377 774 1439 si
795 1385 966 1460 paupertas
986 1384 1089 1459 cogat,
1106 1377 1247 1440 ecclesiae
1269 1375 1318 1440 vel

317 1480 427 1542 domui
442 1480 505 1543 Dei
519 1480 647 1562 integra
660 1480 813 1544 reddatur
828 1481 992 1564 possessio.

362 1583 516 1646 Similiter
548 1584 759 1666 praecipimus,
789 1591 827 1647 ut
857 1585 952 1667 juxta
985 1604 1147 1647 canonum
1180 1583 1318 1660 decreta,

318 1685 475 1749 adulteria
489 1693 522 1749 et
536 1686 659 1750 incesta
673 1687 886 1764 matrimonia,
904 1709 974 1769 qnae
990 1708 1056 1749 non
1072 1693 1148 1749 sunt
1162 1686 1318 1769 legitima,

317 1789 547 1871 prohibeantur
563 1797 595 1853 et
616 1790 829 1854 emendentur
844 1791 1062 1874 episcoporum
1079 1789 1212 1873 judicio,
1228 1795 1262 1852 et
1281 1794 1319 1852 ut

318 1893 477 1975 mancipia
492 1894 676 1957 Christiana
689 1895 822 1978 paganis
837 1916 905 1958 non
923 1894 1102 1957 tradantur.

362 1998 569 2062 Decrevimus
585 2022 721 2083 quoque,
738 2001 824 2083 quod
844 2006 877 2062 et
896 2005 987 2083 pater
1001 2021 1092 2063 meus
1113 2004 1190 2062 ante
1209 1995 1319 2080 praeci-

318 2100 436 2184 piebat,
452 2110 489 2166 ut
505 2104 560 2185 qui
574 2126 714 2187 paganas
730 2103 965 2167 observationes
979 2103 1016 2166 in
1030 2102 1135 2186 aliqua
1149 2123 1185 2166 re
1199 2099 1319 2178 fecerit,

318 2205 477 2268 multetur
491 2212 524 2269 et
539 2206 711 2270 damnetur
725 2207 790 2268 XV
806 2206 924 2270 solidis.

337 2631 575 2695 Abraouatictio
591 2633 706 2696 dioboli
721 2655 903 2717 operumque
918 2636 983 2717 ejus
998 2640 1028 2698 et
1041 2633 1299 2715 superstitionum.

364 2815 568 2879 Forsachistu
589 2815 750 2879 diobolae?
783 2817 830 2879 Et
849 2819 996 2899 Respons.
1019 2818 1067 2881 Ec
1087 2816 1234 2880 forsacho
1254 2816 1319 2879 dio-

320 2919 411 2983 bolae.
456 2919 531 2982 End
554 2920 653 2982 allum
675 2920 782 2983 diobol
805 2920 923 3002 gelde?
958 2922 1051 3002 Respo.
1074 2920 1148 2983 End
1169 2940 1205 2983 ec
1222 2920 1321 2983 forsa-

322 3023 382 3087 cho
398 3022 496 3086 allum
517 3023 625 3087 diobol
646 3024 748 3106 galde.
793 3024 869 3087 End
890 3025 988 3087 allum
1004 3023 1144 3087 dioboles
1158 3023 1320 3086 wercum?

320 3128 411 3208 Resp.
435 3127 509 3189 End
539 3148 575 3190 ec
603 3127 749 3191 forsacho
780 3127 880 3190 allum
911 3127 1051 3191 dioboles
1080 3147 1228 3204 wercum,
1254 3124 1322 3188 und

321 3231 464 3294 wordum
493 3231 598 3294 thuna
627 3253 705 3295 eren
735 3230 774 3294 de
803 3231 917 3294 woden
946 3231 1027 3294 ende
1057 3234 1214 3307 saxtonte,
1241 3229 1323 3292 ende

323 3334 428 3397 albem
453 3335 544 3398 them
566 3335 756 3412 unholdum,
779 3335 835 3399 the
858 3335 929 3398 hira
951 3342 1083 3417 genotas
1105 3335 1180 3397 sint.
1227 3333 1323 3397 Gelo-

321 3436 409 3500 bistn
430 3439 466 3499 in
489 3437 554 3500 Got
579 3437 777 3520 almehtigan
799 3439 918 3502 fadaer.
962 3439 1054 3520 Resp.
1076 3439 1123 3501 Eo
1149 3437 1263 3520 gelobo
1288 3435 1324 3498 in
1360 3518 1363 3525 Ι

324 3548 380 3622 got
414 3540 629 3622 almechtigan
662 3540 781 3604 fadaer.
840 3541 1008 3606 Gelohistu
1040 3542 1076 3605 in
1107 3539 1196 3604 Crist
1226 3539 1323 3622 godes

324 3645 430 3706 suno?
467 3644 559 3723 Resp.
583 3644 631 3707 Ec
660 3644 773 3726 gelobo
802 3645 837 3709 in
861 3646 946 3710 Crist
973 3652 1063 3728 gotes
1089 3665 1180 3708 suno.
1227 3643 1322 3707 Gelo·

323 3746 412 3809 bistu
434 3745 470 3808 in
491 3747 641 3829 Halogan
663 3749 759 3832 gast?
796 3750 886 3831 Resp.
910 3750 958 3813 Eo
981 3748 1094 3833 gelobo
1115 3748 1152 3811 in
1173 3747 1323 3830 Halogan

326 3856 405 3931 gast.

478 4279 637 4342 Iadicalas
650 4283 899 4361 superstitionum
913 4287 943 4344 et
951 4269 1171 4364 pagoariorum.

372 4455 398 4517 Ι.
423 4456 473 4518 De
489 4457 651 4538 sacrilegio
667 4456 706 4519 ad
723 4456 889 4540 sepulchra
904 4465 1115 4523 mortuorum.

372 4558 419 4619 ΙΙ.
445 4560 493 4621 De
509 4559 672 4641 sacrilegio
688 4581 782 4643 super
797 4561 965 4626 defunctos
979 4563 1000 4626 i.
1017 4585 1044 4627 e.
1061 4564 1223 4628 Dadsisas.
1277 4598 1280 4602 ·
