3259 5467
623 735 776 778 socvons
794 734 1020 786 winimanno.
1264 717 1325 781 173

316 876 499 940 instaurare
523 875 695 960 mysteria:
726 895 866 958 eumque
888 875 1003 939 habitu
1027 874 1123 938 simul
1146 875 1323 940 ethonore

316 979 468 1062 praeferre
483 986 516 1043 et
532 979 598 1043 suis
611 979 648 1041 in
663 978 794 1042 domino
809 999 920 1061 parere
934 978 1111 1062 praeceptis.
1159 979 1222 1042 Sed
1238 980 1324 1062 quod

317 1084 458 1146 sanctus‘
473 1082 521 1145 vir
540 1081 728 1145 infirmitate
748 1082 888 1164 eorporis
910 1091 1137 1165 praegravatus,
1161 1083 1325 1166 synodalia

318 1185 529 1249 conciliorum
544 1184 767 1248 conventicula
781 1206 839 1267 per
858 1185 968 1248 omnia
990 1184 1077 1247 adire
1095 1206 1163 1248 non
1177 1192 1322 1268 poterat:

313 1289 385 1372 jam
401 1289 552 1352 consultu
567 1295 664 1370 atque
679 1287 812 1351 consilio
824 1287 953 1368 gloriosi
965 1287 1073 1370 Regis,
1083 1287 1237 1351 idoneum
1251 1310 1323 1372 pro-

315 1411 437 1473 ponere
451 1390 637 1453 ministrum
653 1390 837 1474 supradicto
853 1389 943 1472 gregi
960 1390 1114 1468 definivit,
1131 1398 1164 1454 et
1179 1391 1323 1470 Lullum,

315 1516 413 1557 suum
427 1493 602 1576 ingeniosae
611 1493 728 1557 indolis
737 1492 940 1576 discipulum,
953 1492 994 1556 ad
1005 1493 1213 1557 erudiendam
1222 1501 1323 1558 tantae

315 1597 419 1680 plebis
434 1597 698 1660 numerositatem
718 1596 897 1673 constituit,
915 1602 948 1661 et
969 1596 1006 1659 in
1021 1596 1233 1679 Episcopatus
1252 1619 1323 1680 gra-

316 1699 396 1763 dum
429 1700 582 1783 provexit,
613 1709 709 1782 atque
744 1698 924 1762 ordinavit:
962 1720 1100 1782 eumque
1132 1699 1323 1779 haereditati,

317 1825 415 1885 quam
433 1803 469 1865 in
489 1801 618 1866 Christo
635 1802 772 1866 instanti
792 1801 984 1885 acquisierat
1005 1801 1124 1878 labore,
1139 1801 1321 1883 implicavit,

316 1905 373 1988 qui
388 1911 421 1969 et
436 1905 538 1968 fidelis
553 1905 589 1968 in
600 1904 741 1968 Domino
757 1926 862 1969 comes
874 1903 1141 1987 peregrinationis
1153 1906 1221 1988 ejus
1237 1913 1305 1969 erat
1310 1931 1321 1981 ;

317 2016 351 2071 et
365 2008 457 2072 testis
472 2007 644 2093 utrobique
658 2008 815 2092 passionis
831 2014 864 2071 et
880 2006 1117 2071 consolationis.

449 2330 564 2394 Carus
586 2328 645 2394 XI.
691 2332 739 2393 De
747 2331 895 2412 passiam
909 2330 1010 2391 sancti
1025 2327 1192 2411 Bonafacs‘i.
1308 2347 1309 2351 ¹

359 2533 440 2595 Con
456 2539 565 2595 autem
580 2553 707 2595 servum
722 2552 817 2595 suum
835 2531 866 2594 S.
885 2531 1088 2596 Bonifatium
1104 2530 1264 2596 Dominus
1280 2533 1320 2597 de

316 2635 416 2718 hujus
441 2635 555 2698 mundi
584 2635 679 2698 vellet
708 2635 890 2698 tentatione
919 2635 1050 2717 eripere,
1077 2642 1110 2698 et
1135 2637 1321 2720 temporalis

314 2737 388 2800 vitae
403 2735 665 2799 tribulationibus
686 2734 861 2814 sublevare,
876 2743 956 2800 tunc
978 2737 1077 2800 etiam
1098 2737 1238 2801 Domino
1256 2738 1319 2802 dis-

314 2846 472 2922 pensante
496 2838 671 2901 diffinitum
694 2845 753 2916 est,
777 2845 816 2902 ut
842 2838 884 2902 ad
908 2839 1050 2903 Fresiam
1076 2840 1153 2903 olim
1177 2862 1317 2924 corpore,

313 2964 382 3006 non
397 2943 528 3025 quidem
547 2949 658 3006 mente
678 2943 838 3020 omissam,
855 2943 952 3006 servis
968 2944 1030 3007 Dei
1050 2965 1160 3007 secum
1176 2946 1318 3028 migran-

314 3047 413 3124 tibus,
429 3045 620 3129 perveniret,
635 3052 674 3109 ut
688 3045 745 3109 ubi
759 3046 909 3129 primitus
924 3046 1160 3130 praedicationis
1175 3047 1320 3112 studium

314 3150 499 3233 ingrediens
514 3149 719 3233 praemiorum
737 3150 944 3214 inchoaverat
962 3148 1171 3227 incrementa,
1188 3151 1286 3213 etiam
1301 3173 1321 3215 a

313 3252 431 3316 saeculo
445 3253 572 3316 rediens
593 3258 741 3335 sumptus
761 3252 916 3336 reciperet
930 3251 1208 3315 remunerationis.
1254 3254 1320 3318 Sed

314 3356 397 3419 miro
412 3355 647 3439 quodammodo
665 3355 808 3419 vaticinii
827 3355 991 3439 praesagio,
1008 3362 1196 3437 sequentem
1211 3355 1318 3420 obitus

313 3459 364 3522 sni
380 3459 465 3522 diem
480 3458 633 3542 praedicto
647 3458 806 3542 Episcopo
818 3457 913 3523 Lullo
927 3458 1166 3542 praenuntiavit,
1183 3468 1215 3524 et
1231 3461 1318 3544 quali

312 3563 471 3626 mundum
485 3563 551 3626 fine
564 3562 697 3627 demum
717 3563 914 3646 relinqueret
934 3563 1129 3626 insinuavit:
1153 3563 1246 3648 eique
1260 3586 1317 3649 per

311 3667 458 3731 ordinem
482 3666 522 3742 de
545 3666 762 3743 Ecclesiarum
786 3672 959 3745 structura,
982 3673 1015 3730 et
1037 3667 1148 3750 populi
1171 3667 1319 3734 doctrina

312 3769 479 3854 proposuit
501 3769 628 3832 dicens:
651 3770 723 3850 Ego
746 3769 834 3834 enim
860 3769 1059 3852 propositum
1078 3771 1234 3853 pergendi
1254 3772 1317 3836 iter

311 3873 470 3954 complere
499 3871 613 3954 cupio:
652 3870 712 3954 ego
743 3891 794 3934 me
829 3892 849 3934 a
882 3870 1063 3936 desiderato
1095 3873 1317 3955 proficiscendi

311 3974 429 4038 itinere
445 3995 592 4038 revocare
611 3995 678 4037 non
698 3980 820 4056 potero.
866 3975 942 4038 Jam
964 3974 1052 4038 enim
1072 3973 1174 4039 instat
1195 3976 1316 4039 resolu-

311 4077 409 4140 tionis
432 4097 513 4140 meae
536 4076 613 4153 dies,
634 4083 668 4140 et
690 4082 819 4158 tempus
843 4075 951 4140 obitus
974 4075 1039 4139 mei
1062 4077 1314 4159 appropinquem

309 4180 378 4262 jam
400 4179 487 4242 enim
511 4178 655 4261 deposito
677 4179 817 4262 corporis
841 4179 1003 4261 ergastulo
1027 4183 1155 4242 aeternae
1177 4178 1314 4245 retribu-

311 4282 409 4347 tionis
430 4288 572 4346 revertar
593 4281 634 4345 ad
656 4281 813 4346 bravium.
860 4281 924 4344 Sed
945 4287 985 4343 tu
1005 4280 1052 4343 fili
1073 4279 1119 4343 mi
1145 4281 1315 4359 carissime,
1427 4283 1428 4286 ’

312 4393 509 4450 structuram
530 4384 566 4447 in
589 4384 767 4466 Thuringia
788 4406 808 4448 a
829 4405 882 4447 me
904 4389 1053 4467 coeptam,
1076 4383 1251 4447 Ecclesiam
1273 4385 1315 4449 ad

310 4488 517 4572 perfectionis
539 4487 715 4551 terminum
738 4485 859 4551 deduc:
898 4493 937 4550 tu
959 4485 1115 4568 populum
1137 4485 1178 4550 ab
1199 4487 1314 4550 erroris

311 4592 396 4656 invio
411 4590 644 4655 instantissime
659 4611 780 4667 revoca,
796 4596 897 4673 tuque
918 4588 1161 4654 aedificationem
1175 4589 1313 4656 basilicae
