3259 5467
613 696 765 739 sucronn
783 695 1009 739 wrxxraaxno.
1249 681 1311 741 165

311 837 365 900 alii
385 835 513 920 quidem
535 835 674 898 necdum
697 836 805 899 animo
825 836 1006 915 confortati,
1021 836 1313 915 intemerataefidei

311 941 514 1016 documenta,
530 939 656 1020 integre
671 940 810 1022 recipere
830 947 1018 1018 renuerunt,
1028 941 1088 1003 -alii
1104 941 1201 1004 etiam
1215 942 1313 1025 lignis

312 1052 345 1108 et
374 1042 518 1107 fontibus
548 1043 702 1119 clanculo,
728 1042 782 1105 alii
805 1051 915 1106 autem
941 1050 1050 1125 aperte
1080 1045 1311 1109 sacrificabant.

311 1147 378 1210 Alii
394 1168 469 1210 vero
492 1146 657 1229 aruspicia,
677 1154 710 1209 et
728 1146 949 1224 divinationes,
969 1146 1130 1230 praestigia
1149 1156 1245 1230 atque
1263 1138 1311 1211 in-

312 1250 512 1314 cantationes
548 1250 682 1327 occulte,
721 1250 774 1312 alii
808 1249 937 1333 quidem
978 1250 1147 1314 manifeste
1188 1273 1312 1316 exerce-

311 1353 403 1417 bant.
447 1353 514 1416 Alii
543 1352 673 1436 quidem
703 1353 838 1434 auguria
863 1359 897 1417 et
920 1354 1060 1436 auspicia
1088 1353 1311 1434 intendebant,

312 1456 515 1539 diversosque
538 1456 737 1519 sacrificandi
761 1456 844 1520 ritus
869 1455 1094 1520 incoluerunt:
1126 1457 1180 1520 alii
1203 1459 1311 1537 etiam,

312 1559 429 1642 quibus
454 1580 546 1622 mens
575 1557 682 1621 sanior
709 1558 824 1636 inerat,
849 1556 939 1621 omni
968 1558 1093 1643 abjecta
1122 1560 1312 1642 gentilitatis

311 1662 532 1746 profanatione
547 1661 628 1724 nihil
646 1661 764 1725 horum
785 1661 1025 1724 commiserunt.
1071 1662 1218 1728 Quorum
1236 1686 1311 1728 con-

312 1768 401 1830 sultu
416 1774 512 1849 atque
527 1765 678 1828 consilio:
702 1764 849 1828 arborem
864 1765 1026 1847 quandam
1046 1765 1135 1829 mirae
1150 1768 1311 1850 magnitu-

312 1871 407 1949 dinis,
424 1891 495 1954 quae
509 1869 612 1952 prisco
631 1890 832 1951 paganorum
851 1868 1003 1932 vocabulo
1022 1869 1200 1952 appellatur
1214 1871 1312 1934 robur

313 1973 401 2038 loris
420 1973 455 2036 in
477 1974 546 2037 loco
568 1971 623 2054 qui
645 1971 763 2035 dicitur
785 1971 977 2050 Gicesmere,
1002 1972 1098 2035 servis
1120 1973 1182 2036 Dei
1205 1994 1313 2037 secum

312 2077 494 2140 astantibus
522 2075 683 2139 succidere
712 2075 861 2138 tentavit.
915 2075 1061 2158 Cumque
1089 2076 1207 2139 mentis
1236 2097 1313 2140 con-

313 2180 434 2244 stantia
454 2179 653 2243 confortatus
675 2177 821 2242 arborem
844 2178 1039 2257 succidisset,
1062 2200 1181 2262 magna
1202 2179 1313 2243 aderat

312 2283 404 2367 copia
432 2304 642 2367 paganorum,
667 2282 723 2365 qui
752 2289 785 2346 et
813 2282 982 2345 inimicum
1012 2283 1155 2345 Deorum
1181 2304 1312 2346 suorum

311 2388 399 2450 intra
422 2407 455 2451 se
481 2385 724 2468 diligentissime
748 2385 952 2449 devotabant.
1000 2385 1064 2449 Sed
1087 2386 1128 2449 ad
1150 2387 1312 2450 modicum

312 2489 443 2573 quidem
472 2488 585 2553 arbore
620 2488 760 2572 praecisa,
791 2488 960 2552 confestim
997 2489 1155 2554 immensa
1189 2489 1313 2554 roboris

311 2594 411 2656 moles
427 2592 534 2657 divino
549 2593 683 2676 desuper
698 2592 778 2656 flatu
790 2593 988 2676 exagitatur:
1005 2601 1038 2658 et
1052 2593 1221 2677 palmitum
1236 2615 1311 2658 con·

311 2697 413 2761 fracto
427 2697 567 2760 culmine
581 2684 709 2773 cormit,
725 2702 758 2759 et
774 2697 865 2779 quasi
885 2697 1015 2780 superni
1034 2705 1134 2762 nutus
1150 2697 1262 2761 solatio
1275 2698 1312 2760 iu

313 2807 450 2881 quatuor
471 2800 569 2863 etiam
592 2808 698 2882 partes
722 2799 852 2881 dirupta
873 2806 931 2878 est,
954 2807 987 2864 et
1012 2808 1149 2883 quatuor
1169 2800 1311 2883 ingentis

312 2903 546 2987 magnitudinis
560 2902 675 2986 aequali
689 2902 893 2985 longitudine
908 2903 1023 2980 trunci,
1041 2903 1160 2986 absque
1174 2903 1311 2967 fratrum

311 3008 421 3072 labore
440 3005 616 3070 astantium
640 3014 866 3089 apparuerunt.
914 3006 987 3071 Quo
1009 3005 1085 3083 viso,
1107 3006 1195 3088 prius
1219 3007 1311 3071 devo·

313 3120 420 3176 tantas
435 3109 569 3193 Pagani,
585 3110 683 3173 etiam
696 3131 787 3173 versa
800 3109 869 3172 vice
890 3107 1149 3172 benedictionem
1172 3108 1311 3187 domino,

313 3216 450 3298 pristina
464 3213 590 3296 abjecta
603 3213 838 3290 maledictione,
854 3212 1019 3275 credentes
1034 3210 1254 3275 reddiderunt.

356 3319 448 3381 Tune
463 3323 572 3381 autem
584 3338 718 3380 summae
730 3315 910 3379 sanctitatis
921 3314 1077 3392 Antistcs,
1089 3313 1221 3378 consilio
1231 3314 1313 3379 inito

314 3444 388 3486 cum
412 3420 566 3484 fratribus
589 3421 734 3503 ligneum
758 3441 797 3482 ex
821 3419 1011 3501 supradictae
1036 3418 1157 3482 arboris
1182 3420 1313 3483 metallo

313 3524 489 3589 oratorium
504 3523 691 3601 construxit,
706 3523 849 3606 illudque
865 3523 1068 3586 inhonorem
1082 3522 1312 3607 sPetriApo-

314 3629 388 3693 stoli
411 3626 577 3705 dedicavit,
601 3635 696 3710 atque
718 3626 884 3704 universis,
905 3648 977 3709 qnae
996 3626 1210 3709 praediximus,
1227 3648 1312 3690 com-

313 3732 407 3815 pletis
423 3739 455 3795 et
474 3751 612 3814 superno
631 3731 829 3812 suffragante
851 3738 935 3794 nutu
956 3730 1102 3813 peractis,
1119 3731 1159 3794 ad
1174 3731 1312 3794 Thurin-

314 3837 400 3918 giam
411 3834 571 3919 profectus
583 3840 641 3912 est,
653 3840 685 3897 et
699 3833 837 3897 seniores
848 3833 960 3916 plebis,
973 3833 1145 3917 populique
1153 3833 1313 3917 principes

313 3940 430 4003 affatus
466 3945 525 4017 est,
556 3959 672 4021 eosque
708 3937 821 4002 relicta
856 3937 1049 4020 ignorantiae
1085 3937 1238 4014 oaecitatc,
1272 3938 1313 4001 ad

313 4050 476 4125 acceptam
506 4041 629 4104 dudum
659 4040 912 4104 Christianitatis
941 4040 1130 4122 religionem
1167 4038 1313 4103 iterando

311 4145 502 4229 provocavit,
534 4145 609 4227 quia
636 4144 803 4208 fatiscente
833 4165 966 4207 suorum
997 4144 1125 4224 Regum
1161 4140 1312 4220 dominio,

312 4271 433 4332 magna
458 4248 587 4331 quidem
608 4269 720 4332 eorum
743 4247 897 4311 comitum
920 4245 1104 4322 multitudo,
1128 4243 1188 4308 sub
1211 4244 1313 4308 Theo·

312 4353 400 4418 baldi
416 4361 448 4416 et
464 4351 603 4415 Bedenis
623 4350 799 4435 periculoso
819 4350 967 4434 primatu,
984 4348 1039 4433 qui
1061 4346 1198 4430 lugubre
1218 4368 1314 4431 super

312 4478 366 4521 eos
395 4455 556 4541 tyrannici
585 4455 730 4532 ducatus,
753 4462 787 4518 et
815 4454 970 4517 infestum
995 4450 1182 4516 vastationis
1206 4451 1314 4534 potius

314 4581 410 4642 qnam
425 4557 602 4622 devotionis
616 4556 807 4621 obtinebant
821 4556 1002 4639 imperium,
1017 4555 1067 4618 vel
1087 4553 1241 4638 corporali
1256 4547 1314 4638 per
