3259 5467
597 675 637 717 nn
654 673 829 718 nanninus
846 673 1033 718 sunuouns.
1254 655 1315 716 105

691 1238 846 1302 suano
870 1191 963 1301 xv(

517 1443 566 1505 De
581 1441 852 1504 abrenunciatione
866 1444 899 1505 in
915 1443 1108 1524 baptismate.

355 1660 384 1719 l.
416 1643 774 1733 Aun1m,fratres,'et
804 1657 962 1721 attentius
991 1656 1148 1740 cogitetis,
1176 1656 1253 1739 quid
1278 1656 1314 1719 in

309 1760 472 1844 baptismo
486 1757 709 1821 renunciastis.
742 1759 1011 1823 Abrenunciastis
1026 1761 1114 1823 enim
1129 1761 1265 1837 diabolo,
1281 1768 1314 1822 et
1425 1767 1434 1789 ·

310 1863 463 1926 omnibus
478 1862 626 1945 operibus
641 1861 721 1944 ejus,
737 1869 769 1924 et
785 1863 935 1927 omnibus
956 1865 1080 1946 pompis
1101 1864 1180 1946 ejus.
1226 1863 1315 1927 Quid

311 1972 389 2029 sunt
410 1987 487 2048 ergo
507 1986 603 2048 opera
622 1964 765 2029 diaboli?
787 1965 857 2030 haec
877 1973 963 2044 sunt,
983 1966 1141 2049 superbia,
1156 1965 1313 2044 idolatria,

310 2069 442 2146 invidia,
462 2067 682 2146 homicidium,
705 2069 870 2147 detractio,
892 2069 1105 2147 mendacium,
1126 2069 1313 2152 perjurium,

311 2172 433 2249 odium,
463 2171 643 2249 fornicatio,
675 2171 880 2250 adulterium,
912 2172 1017 2235 omnis
1047 2171 1190 2254 pollutio,
1217 2172 1313 2249 furta,

310 2275 429 2338 salsum
449 2274 680 2352 testimonium,
701 2275 824 2357 rapina,
846 2275 931 2357 gula,
948 2275 1094 2353 ebrietas,
1109 2275 1314 2358 turpiloquia,

310 2377 547 2455 contentiones,
569 2377 627 2456 ira,
649 2378 811 2455 veneficia,
834 2377 1069 2442 incantationes
1093 2384 1126 2441 et
1149 2378 1315 2460 sortilegos

312 2481 489 2565 exquirere,
519 2480 645 2563 strigas,
672 2487 706 2543 et
739 2481 831 2544 fictos
864 2481 958 2564 lupos
992 2481 1130 2559 credere,
1166 2481 1315 2544 abortum

311 2586 427 2662 iacere,
458 2584 608 2647 Dominis
636 2584 860 2648 inobedientes
890 2606 968 2664 esse,
998 2587 1152 2651 filacteria
1185 2585 1315 2650 habere.

314 2688 395 2752 Haec
425 2694 458 2752 et
486 2688 537 2751 his
568 2687 685 2750 similia
712 2688 798 2751 mala
824 2709 920 2772 opera
950 2697 1027 2753 sunt
1053 2689 1181 2768 diaboli,
1206 2695 1239 2753 et
1264 2690 1316 2753 his

313 2792 465 2856 omnibus
489 2791 526 2854 in
550 2791 711 2874 baptismo
736 2792 960 2871 renunciastis,
984 2800 1019 2856 et
1044 2794 1128 2858 sieut
1153 2794 1316 2877 apostolus

312 2895 409 2958 dicit:
433 2897 487 2976 qui
508 2895 586 2957 tolia
610 2900 706 2975 cpont
728 2895 815 2976 diqni
838 2901 910 2958 sunt
933 2902 1030 2959 morte
1053 2903 1084 2959 et
1106 2917 1234 2977 repnnm
1252 2898 1316 2959 Dei

311 3018 373 3060 non
388 3003 617 3080 consequentur.
665 2997 730 3061 Sed
752 2998 828 3081 quia
850 2999 1009 3062 credimus
1031 3021 1088 3081 per
1109 2999 1173 3062 Dei
1193 2999 1314 3061 miseri·

312 3100 465 3178 cordiam,
480 3107 519 3163 ut
539 3099 591 3162 his
611 3100 763 3164 omnibus
782 3103 929 3184 superius
948 3101 1042 3165 dictis
1060 3101 1155 3164 corde
1171 3107 1204 3163 et
1220 3121 1316 3182 opere

312 3203 520 3281 renuncietis,
547 3209 585 3266 ut
609 3202 735 3268 veniam
759 3205 912 3289 consequi
935 3203 1134 3281 mereamini,
1159 3203 1316 3266 admoneo

312 3329 379 3383 vos,
394 3308 510 3370 fratres
532 3307 696 3385 carissimi,
719 3313 757 3372 ut
779 3308 1040 3386 reminiscamini,
1064 3307 1149 3390 quod
1171 3306 1316 3389 omnipo·

312 3410 399 3474 tenti
413 3410 484 3474 Deo
498 3410 698 3494 promisistis.

357 3518 389 3576 2.
413 3513 568 3576 Primitus
584 3515 671 3577 enim
689 3514 877 3597 promisistis
896 3515 1024 3578 credere
1039 3514 1074 3577 in
1090 3515 1197 3578 Deum
1212 3515 1316 3577 omni-

312 3622 489 3699 potentem,
514 3623 548 3680 et
573 3617 609 3679 in
633 3618 746 3680 Jesum
778 3618 942 3681 Christum
972 3618 1091 3681 Filium
1117 3619 1196 3702 ejus,
1222 3625 1256 3682 et
1281 3619 1317 3682 in

315 3718 647 3801 Spiritum-sanctum,
663 3741 768 3783 unum
789 3721 1043 3803 omnipotentem
1066 3722 1174 3785 Deum
1192 3723 1227 3784 in
1246 3722 1316 3785 Tri·

313 3823 419 3885 nitate
434 3823 584 3905 perfecta.

357 3928 388 3987 3.
415 3924 495 3987 Haec
511 3932 587 3987 sunt
609 3925 763 3990 mandata
777 3926 841 3990 Dei
856 3948 927 4009 quae
949 3926 1053 3990 facere
1075 3934 1108 3989 et
1131 3946 1316 3990 conservare

313 4027 456 4091 debetis:
494 4036 532 4091 ut
559 4028 677 4107 Deum,
702 4050 798 4112 quem
825 4030 962 4093 confessi
991 4030 1077 4106 estis,
1109 4028 1249 4110 diligatis
1278 4049 1318 4091 ex

314 4129 504 4208 totocorde,
521 4152 560 4194 ex
581 4138 651 4195 tota
673 4139 792 4211 mente,
808 4140 842 4197 ct
864 4153 903 4196 ex
925 4139 995 4196 tota
1016 4133 1144 4195 virtute.
1190 4131 1318 4194 Deinde

312 4233 474 4317 proximos
494 4242 616 4297 vestros
636 4242 801 4318 tamquam
821 4236 1040 4319 vosmetipsos.
1087 4235 1129 4298 In
1148 4233 1198 4296 his
1214 4233 1318 4296 omni-

313 4336 375 4399 bus
405 4336 568 4400 mandatis
597 4345 668 4401 tota
696 4340 748 4402 lex
772 4339 893 4422 pendet
922 4346 955 4402 ct
984 4338 1158 4422 prophetae.
1203 4337 1318 4399 Estote

313 4438 486 4521 patientes,
502 4447 605 4505 estote
625 4441 856 4521 misericordes,
874 4441 1018 4525 benigni,
1039 4439 1128 4519 casti,
1147 4439 1319 4523 impolluti.

807 4567 830 4608 a
