3259 5467
530 713 717 758 nureuuru
734 713 778 756 nn
795 711 1012 754 vrururrnus.
1210 693 1270 754 111

313 847 507 910 Aeeolorum
521 845 615 908 terris
630 844 685 907 sed
701 843 774 907 coeli
788 842 907 925 gaudia
921 843 1027 925 plures

312 948 511 1011 Transmitto
525 947 667 1011 illustres
683 947 805 1030 superis
821 953 854 1010 et
869 945 998 1010 sedibus
1016 953 1117 1029 aptor.
1200 936 1203 944 ’

315 1051 380 1114 Hie
396 1051 464 1114 sine
480 1051 655 1113 me·nullus
670 1050 759 1113 Petri
774 1049 935 1113 consortia
950 1049 1053 1112 saneti
1121 1126 1127 1136 1

314 1154 475 1217 Omnibus
491 1161 524 1216 et
539 1160 577 1216 ut
593 1153 686 1216 Pauli
701 1158 809 1236 captat
826 1151 880 1236 qui
893 1152 1015 1216 finibus
1030 1150 1115 1215 orbis

315 1256 463 1319 Luciflua
478 1263 630 1339 promunt
645 1256 743 1320 fuscis
758 1276 831 1318 mea
845 1253 969 1317 lumina
984 1255 1075 1318 seclis

315 1358 434 1422 Incolit
450 1381 469 1422 a
484 1381 535 1422 me
550 1361 659 1423 nullus
675 1359 777 1423 electe
792 1358 833 1422 ad
848 1357 980 1440 praemia
994 1359 1086 1439 regni

311 1462 506 1525 Conscendit
521 1463 642 1526 Christi
656 1462 772 1526 misero
787 1482 848 1525 nec
862 1461 967 1542 gratie
980 1461 1103 1543 fulget:

313 1566 375 1630 Ast
390 1572 500 1629 tamen
515 1567 579 1631 heu
594 1567 709 1630 misere
724 1587 790 1630 non
806 1563 925 1628 scando
939 1563 974 1627 in
989 1585 1090 1647 regua
1104 1565 1260 1648 polorum.

668 3503 744 3545 SPES
762 3501 882 3544 FATUR·

316 3766 451 3828 Suucm
466 3785 572 3830 eomes
587 3767 709 3832 faustos
724 3787 837 3832 omnes
852 3766 1006 3846 contituta
1019 3765 1189 3848 perhorter

316 3869 512 3950 Perpetuam
526 3869 649 3933 meritis
664 3870 745 3934 eoelo
760 3869 989 3953 comprendere
1003 3868 1114 3947 vitem,

315 3972 360 4034 Et
375 3971 445 4035 sine
459 3991 512 4035 me
526 3972 652 4037 seandit
666 3973 777 4036 nullus
791 3993 850 4057 per
863 3971 1007 4036 eulmine
1021 3971 1103 4048 eoeli,

319 4074 384 4138 Sed
397 4075 525 4138 tristem
538 4097 576 4139 ae
590 4076 742 4140 miseram
755 4083 829 4160 post
842 4076 932 4140 illine
946 4075 1033 4138 faeta
1047 4078 1232 4138 secernant:
1257 4130 1258 4133 ,

317 4178 498 4242 Fortunate
510 4178 608 4242 nimis
622 4180 651 4243 si
664 4200 733 4244 non
746 4179 886 4244 mentitu
899 4178 1043 4254 fuissem,

284 4336 290 4345 .
317 4281 427 4344 Aurea
442 4280 635 4364 promittens
650 4289 774 4347 starent
788 4281 827 4347 ut
842 4281 967 4346 ludicre
980 4277 1106 4342 mundi.

319 4383 509 4467 Terrigenas
520 4386 643 4469 jugiter
658 4386 741 4450 dueo
754 4385 797 4450 nd
812 4384 955 4450 eoelestis
969 4402 1080 4465 regna,

318 4486 452 4551 Viribus
466 4495 505 4552 ut
518 4488 593 4552 freti
607 4489 740 4553 tradent
755 4487 797 4553 ad
812 4507 945 4572 eorpore
958 4506 1071 4570 poenss

319 4590 484 4672 Regmina
497 4593 626 4656 venturi
641 4598 810 4677 captantes
826 4609 923 4655 aurea
938 4588 1039 4654 seclis
1190 4590 1191 4594 ’
