<?xml version="1.0" encoding="UTF-8"?>
<!DOCTYPE html PUBLIC "-//W3C//DTD XHTML 1.0 Transitional//EN"
    "http://www.w3.org/TR/xhtml1/DTD/xhtml1-transitional.dtd">
<html xmlns="http://www.w3.org/1999/xhtml" xml:lang="en" lang="en">
 <head>
  <title>
</title>
<meta http-equiv="Content-Type" content="text/html;charset=utf-8" />
  <meta name='ocr-system' content='tesseract 3.04.00' />
  <meta name='ocr-capabilities' content='ocr_page ocr_carea ocr_par ocr_line ocrx_word'/>
</head>
<body>
  <div class='ocr_page' id='page_1' title='image "./operaquaeextant00bonigoog_0017.png"; bbox 0 0 3259 5467; ppageno 0'>
   <div class='ocr_carea' id='block_1_1' title="bbox 392 693 1241 754">
    <p class='ocr_par' dir='ltr' id='par_1_1' title="bbox 392 693 1241 754">
     <span class='ocr_line' id='line_1_1' title="bbox 392 693 1241 754; baseline 0 -2"><span class='ocrx_word' id='word_1_1' title='bbox 392 693 433 753; x_wconf 93' lang='grc'><strong>10</strong></span> <span class='ocrx_word' id='word_1_2' title='bbox 558 711 726 754; x_wconf 69' lang='lat' dir='ltr'><strong>nomnen</strong></span> <span class='ocrx_word' id='word_1_3' title='bbox 740 709 987 753; x_wconf 73' lang='lat' dir='ltr'><strong>Aecn1s1³1soor1</strong></span> <span class='ocrx_word' id='word_1_4' title='bbox 1001 709 1241 753; x_wconf 67' lang='lat' dir='ltr'><strong>Jonnnnrron.</strong></span> 
     </span>
    </p>
   </div>
   <div class='ocr_carea' id='block_1_2' title="bbox 385 849 1395 2174">
    <p class='ocr_par' dir='ltr' id='par_1_2' title="bbox 385 849 1395 2174">
     <span class='ocr_line' id='line_1_2' title="bbox 387 849 1394 934; baseline -0.002 -19"><span class='ocrx_word' id='word_1_5' title='bbox 387 856 462 916; x_wconf 82' lang='lat' dir='ltr'><strong>tuta</strong></span> <span class='ocrx_word' id='word_1_6' title='bbox 485 850 619 934; x_wconf 83' lang='lat' dir='ltr'><strong>antiqua</strong></span> <span class='ocrx_word' id='word_1_7' title='bbox 649 857 835 914; x_wconf 83' lang='lat' dir='ltr'><strong>sanctorum</strong></span> <span class='ocrx_word' id='word_1_8' title='bbox 864 850 999 912; x_wconf 83' lang='lat' dir='ltr'><strong>Patmm</strong></span> <span class='ocrx_word' id='word_1_9' title='bbox 1029 849 1217 929; x_wconf 83' lang='lat' dir='ltr'><strong>conversari,</strong></span> <span class='ocrx_word' id='word_1_10' title='bbox 1244 871 1320 914; x_wconf 86' lang='lat' dir='ltr'><strong>cum</strong></span> <span class='ocrx_word' id='word_1_11' title='bbox 1350 850 1394 913; x_wconf 86' lang='lat' dir='ltr'><strong>eis</strong></span> 
     </span>
     <span class='ocr_line' id='line_1_3' title="bbox 388 952 1395 1037; baseline -0.003 -19"><span class='ocrx_word' id='word_1_12' title='bbox 388 955 513 1018; x_wconf 82' lang='lat' dir='ltr'><strong>nullam</strong></span> <span class='ocrx_word' id='word_1_13' title='bbox 527 954 646 1018; x_wconf 85' lang='lat' dir='ltr'><strong>habere</strong></span> <span class='ocrx_word' id='word_1_14' title='bbox 662 952 933 1034; x_wconf 85' lang='lat' dir='ltr'><strong>Communionem</strong></span> <span class='ocrx_word' id='word_1_15' title='bbox 951 958 1008 1016; x_wconf 86' lang='lat' dir='ltr'><strong>aut</strong></span> <span class='ocrx_word' id='word_1_16' title='bbox 1023 952 1314 1037; x_wconf 87' lang='lat' dir='ltr'><strong>Conjunotionem:</strong></span> <span class='ocrx_word' id='word_1_17' title='bbox 1339 952 1395 1016; x_wconf 91' lang='lat' dir='ltr'><strong>sed</strong></span> 
     </span>
     <span class='ocr_line' id='line_1_4' title="bbox 388 1056 1395 1140; baseline -0.001 -19"><span class='ocrx_word' id='word_1_18' title='bbox 388 1058 500 1140; x_wconf 84' lang='lat' dir='ltr'><strong>magis,</strong></span> <span class='ocrx_word' id='word_1_19' title='bbox 517 1058 544 1121; x_wconf 93' lang='lat' dir='ltr'><strong>si</strong></span> <span class='ocrx_word' id='word_1_20' title='bbox 562 1058 690 1121; x_wconf 81' lang='lat' dir='ltr'><strong>valuero</strong></span> <span class='ocrx_word' id='word_1_21' title='bbox 705 1056 884 1139; x_wconf 86' lang='lat' dir='ltr'><strong>prohibere,</strong></span> <span class='ocrx_word' id='word_1_22' title='bbox 903 1056 1111 1140; x_wconf 87' lang='lat' dir='ltr'><strong>prohibeam;</strong></span> <span class='ocrx_word' id='word_1_23' title='bbox 1144 1056 1172 1119; x_wconf 91' lang='lat' dir='ltr'><strong>si</strong></span> <span class='ocrx_word' id='word_1_24' title='bbox 1191 1056 1310 1135; x_wconf 79' lang='lat' dir='ltr'><strong>minus,</strong></span> <span class='ocrx_word' id='word_1_25' title='bbox 1333 1056 1395 1120; x_wconf 88' lang='lat' dir='ltr'><strong>hoo</strong></span> 
     </span>
     <span class='ocr_line' id='line_1_5' title="bbox 387 1157 1392 1242; baseline -0.002 -18"><span class='ocrx_word' id='word_1_26' title='bbox 387 1161 525 1224; x_wconf 89' lang='lat' dir='ltr'><strong>fideliter</strong></span> <span class='ocrx_word' id='word_1_27' title='bbox 554 1161 664 1224; x_wconf 84' lang='lat' dir='ltr'><strong>statim</strong></span> <span class='ocrx_word' id='word_1_28' title='bbox 688 1159 830 1223; x_wconf 92' lang='lat' dir='ltr'><strong>Domino</strong></span> <span class='ocrx_word' id='word_1_29' title='bbox 859 1180 932 1222; x_wconf 91' lang='lat' dir='ltr'><strong>meo</strong></span> <span class='ocrx_word' id='word_1_30' title='bbox 966 1157 1152 1242; x_wconf 88' lang='lat' dir='ltr'><strong>Apostolioo</strong></span> <span class='ocrx_word' id='word_1_31' title='bbox 1186 1159 1392 1223; x_wconf 80' lang='lat' dir='ltr'>renuntiabo,</span> 
     </span>
     <span class='ocr_line' id='line_1_6' title="bbox 389 1262 1393 1346; baseline -0.001 -18"><span class='ocrx_word' id='word_1_32' title='bbox 389 1264 485 1329; x_wconf 82' lang='lat' dir='ltr'><strong>Quod</strong></span> <span class='ocrx_word' id='word_1_33' title='bbox 506 1265 542 1343; x_wconf 90' lang='lat' dir='ltr'><strong>si,</strong></span> <span class='ocrx_word' id='word_1_34' title='bbox 559 1263 644 1346; x_wconf 92' lang='lat' dir='ltr'><strong>quod</strong></span> <span class='ocrx_word' id='word_1_35' title='bbox 665 1263 757 1342; x_wconf 83' lang='lat' dir='ltr'><strong>absit,</strong></span> <span class='ocrx_word' id='word_1_36' title='bbox 774 1268 887 1326; x_wconf 85' lang='lat' dir='ltr'><strong>contra</strong></span> <span class='ocrx_word' id='word_1_37' title='bbox 906 1263 1001 1346; x_wconf 88' lang='lat' dir='ltr'><strong>hujus</strong></span> <span class='ocrx_word' id='word_1_38' title='bbox 1021 1262 1224 1345; x_wconf 82' lang='lat' dir='ltr'><strong>professionis</strong></span> <span class='ocrx_word' id='word_1_39' title='bbox 1246 1285 1328 1327; x_wconf 85' lang='lat' dir='ltr'><strong>meae</strong></span> <span class='ocrx_word' id='word_1_40' title='bbox 1346 1285 1393 1327; x_wconf 89' lang='lat' dir='ltr'><strong>se·</strong></span> 
     </span>
     <span class='ocr_line' id='line_1_7' title="bbox 387 1365 1394 1450; baseline 0.001 -21"><span class='ocrx_word' id='word_1_41' title='bbox 387 1367 468 1431; x_wconf 87' lang='lat' dir='ltr'><strong>riem</strong></span> <span class='ocrx_word' id='word_1_42' title='bbox 484 1367 604 1450; x_wconf 82' lang='lat' dir='ltr'><strong>aliquid</strong></span> <span class='ocrx_word' id='word_1_43' title='bbox 618 1367 721 1431; x_wconf 83' lang='lat' dir='ltr'><strong>faeere</strong></span> <span class='ocrx_word' id='word_1_44' title='bbox 738 1367 881 1449; x_wconf 89' lang='lat' dir='ltr'><strong>quolibet</strong></span> <span class='ocrx_word' id='word_1_45' title='bbox 895 1366 1001 1444; x_wconf 93' lang='lat' dir='ltr'><strong>modo,</strong></span> <span class='ocrx_word' id='word_1_46' title='bbox 1016 1387 1072 1429; x_wconf 88' lang='lat' dir='ltr'><strong>seu</strong></span> <span class='ocrx_word' id='word_1_47' title='bbox 1085 1365 1226 1449; x_wconf 87' lang='lat' dir='ltr'><strong>ingenio,</strong></span> <span class='ocrx_word' id='word_1_48' title='bbox 1238 1367 1289 1430; x_wconf 89' lang='lat' dir='ltr'><strong>vel</strong></span> <span class='ocrx_word' id='word_1_49' title='bbox 1304 1388 1394 1431; x_wconf 85' lang='lat' dir='ltr'><strong>occa-</strong></span> 
     </span>
     <span class='ocr_line' id='line_1_8' title="bbox 388 1469 1394 1552; baseline 0.002 -20"><span class='ocrx_word' id='word_1_50' title='bbox 388 1470 487 1548; x_wconf 87' lang='lat' dir='ltr'><strong>sione,</strong></span> <span class='ocrx_word' id='word_1_51' title='bbox 503 1477 679 1548; x_wconf 78' lang='lat' dir='ltr'><strong>tentavero,</strong></span> <span class='ocrx_word' id='word_1_52' title='bbox 698 1491 772 1532; x_wconf 88' lang='lat' dir='ltr'><strong>reus</strong></span> <span class='ocrx_word' id='word_1_53' title='bbox 789 1469 934 1533; x_wconf 82' lang='lat' dir='ltr'><strong>inveniar</strong></span> <span class='ocrx_word' id='word_1_54' title='bbox 955 1469 992 1532; x_wconf 95' lang='lat' dir='ltr'><strong>in</strong></span> <span class='ocrx_word' id='word_1_55' title='bbox 1009 1476 1129 1533; x_wconf 88' lang='lat' dir='ltr'><strong>aeterno</strong></span> <span class='ocrx_word' id='word_1_56' title='bbox 1143 1469 1276 1552; x_wconf 86' lang='lat' dir='ltr'><strong>judicio,</strong></span> <span class='ocrx_word' id='word_1_57' title='bbox 1296 1470 1394 1534; x_wconf 90' lang='lat' dir='ltr'><strong>ultio·</strong></span> 
     </span>
     <span class='ocr_line' id='line_1_9' title="bbox 387 1571 1392 1656; baseline 0.003 -20"><span class='ocrx_word' id='word_1_58' title='bbox 387 1595 464 1636; x_wconf 92' lang='lat' dir='ltr'><strong>nem</strong></span> <span class='ocrx_word' id='word_1_59' title='bbox 478 1573 624 1651; x_wconf 86' lang='lat' dir='ltr'><strong>Ananiae,</strong></span> <span class='ocrx_word' id='word_1_60' title='bbox 641 1578 674 1637; x_wconf 89' lang='lat' dir='ltr'><strong>et</strong></span> <span class='ocrx_word' id='word_1_61' title='bbox 694 1571 838 1656; x_wconf 85' lang='lat' dir='ltr'><strong>Saphirae</strong></span> <span class='ocrx_word' id='word_1_62' title='bbox 859 1574 1032 1651; x_wconf 86' lang='lat' dir='ltr'><strong>incurram,</strong></span> <span class='ocrx_word' id='word_1_63' title='bbox 1049 1572 1105 1656; x_wconf 90' lang='lat' dir='ltr'><strong>qui</strong></span> <span class='ocrx_word' id='word_1_64' title='bbox 1125 1572 1214 1636; x_wconf 89' lang='lat' dir='ltr'><strong>vobis</strong></span> <span class='ocrx_word' id='word_1_65' title='bbox 1232 1573 1332 1636; x_wconf 85' lang='lat' dir='ltr'><strong>etiarn</strong></span> <span class='ocrx_word' id='word_1_66' title='bbox 1353 1575 1392 1640; x_wconf 88' lang='lat' dir='ltr'><strong>de</strong></span> 
     </span>
     <span class='ocr_line' id='line_1_10' title="bbox 387 1675 1392 1760; baseline 0 -21"><span class='ocrx_word' id='word_1_67' title='bbox 387 1676 483 1739; x_wconf 89' lang='lat' dir='ltr'><strong>rebus</strong></span> <span class='ocrx_word' id='word_1_68' title='bbox 503 1676 638 1760; x_wconf 87' lang='lat' dir='ltr'><strong>propriis</strong></span> <span class='ocrx_word' id='word_1_69' title='bbox 655 1676 801 1740; x_wconf 87' lang='lat' dir='ltr'><strong>fraudem</strong></span> <span class='ocrx_word' id='word_1_70' title='bbox 827 1676 931 1740; x_wconf 84' lang='lat' dir='ltr'><strong>facere</strong></span> <span class='ocrx_word' id='word_1_71' title='bbox 955 1675 1172 1759; x_wconf 75' lang='lat' dir='ltr'><strong>praesumpsit:</strong></span> <span class='ocrx_word' id='word_1_72' title='bbox 1198 1676 1259 1740; x_wconf 87' lang='lat' dir='ltr'><strong>hoo</strong></span> <span class='ocrx_word' id='word_1_73' title='bbox 1283 1684 1392 1740; x_wconf 86' lang='lat' dir='ltr'><strong>autem</strong></span> 
     </span>
     <span class='ocr_line' id='line_1_11' title="bbox 387 1778 1391 1862; baseline 0 -20"><span class='ocrx_word' id='word_1_74' title='bbox 387 1778 567 1843; x_wconf 87' lang='lat' dir='ltr'><strong>indiculum</strong></span> <span class='ocrx_word' id='word_1_75' title='bbox 581 1779 782 1843; x_wconf 82' lang='lat' dir='ltr'><strong>Sacramenti</strong></span> <span class='ocrx_word' id='word_1_76' title='bbox 790 1780 861 1862; x_wconf 86' lang='lat' dir='ltr'><strong>Ego</strong></span> <span class='ocrx_word' id='word_1_77' title='bbox 872 1779 1057 1843; x_wconf 82' lang='lat' dir='ltr'><strong>Bonifaeius</strong></span> <span class='ocrx_word' id='word_1_78' title='bbox 1067 1779 1202 1862; x_wconf 78' lang='lat' dir='ltr'><strong>exiguus</strong></span> <span class='ocrx_word' id='word_1_79' title='bbox 1213 1779 1391 1862; x_wconf 87' lang='lat' dir='ltr'><strong>Episcopus</strong></span> 
     </span>
     <span class='ocr_line' id='line_1_12' title="bbox 388 1881 1391 1966; baseline 0 -22"><span class='ocrx_word' id='word_1_80' title='bbox 388 1903 488 1944; x_wconf 87' lang='lat' dir='ltr'><strong>manu</strong></span> <span class='ocrx_word' id='word_1_81' title='bbox 502 1882 629 1964; x_wconf 83' lang='lat' dir='ltr'><strong>propris</strong></span> <span class='ocrx_word' id='word_1_82' title='bbox 644 1882 763 1965; x_wconf 80' lang='lat' dir='ltr'><strong>scripsi,</strong></span> <span class='ocrx_word' id='word_1_83' title='bbox 780 1889 877 1965; x_wconf 88' lang='lat' dir='ltr'><strong>atque</strong></span> <span class='ocrx_word' id='word_1_84' title='bbox 891 1904 1014 1966; x_wconf 91' lang='lat' dir='ltr'><strong>ponens</strong></span> <span class='ocrx_word' id='word_1_85' title='bbox 1030 1903 1125 1964; x_wconf 84' lang='lat' dir='ltr'><strong>supro</strong></span> <span class='ocrx_word' id='word_1_86' title='bbox 1141 1881 1391 1945; x_wconf 83' lang='lat' dir='ltr'><strong>sacratissimum</strong></span> 
     </span>
     <span class='ocr_line' id='line_1_13' title="bbox 388 1984 1391 2069; baseline 0.001 -22"><span class='ocrx_word' id='word_1_87' title='bbox 388 2006 502 2068; x_wconf 87' lang='lat' dir='ltr'><strong>corpus</strong></span> <span class='ocrx_word' id='word_1_88' title='bbox 525 1984 628 2048; x_wconf 82' lang='lat' dir='ltr'><strong>sancti</strong></span> <span class='ocrx_word' id='word_1_89' title='bbox 649 1985 748 2064; x_wconf 89' lang='lat' dir='ltr'><strong>Petri,</strong></span> <span class='ocrx_word' id='word_1_90' title='bbox 770 1986 818 2050; x_wconf 83' lang='lat' dir='ltr'><strong>ita</strong></span> <span class='ocrx_word' id='word_1_91' title='bbox 838 1991 877 2049; x_wconf 89' lang='lat' dir='ltr'><strong>ut</strong></span> <span class='ocrx_word' id='word_1_92' title='bbox 907 1986 1137 2069; x_wconf 84' lang='lat' dir='ltr'><strong>praesoriptum,</strong></span> <span class='ocrx_word' id='word_1_93' title='bbox 1161 1985 1232 2048; x_wconf 91' lang='lat' dir='ltr'><strong>Deo</strong></span> <span class='ocrx_word' id='word_1_94' title='bbox 1253 1990 1337 2048; x_wconf 85' lang='lat' dir='ltr'><strong>teste</strong></span> <span class='ocrx_word' id='word_1_95' title='bbox 1359 1989 1391 2048; x_wconf 87' lang='lat' dir='ltr'><strong>et</strong></span> 
     </span>
     <span class='ocr_line' id='line_1_14' title="bbox 385 2087 1367 2174; baseline 0.001 -24"><span class='ocrx_word' id='word_1_96' title='bbox 385 2088 502 2171; x_wconf 86' lang='lat' dir='ltr'><strong>judice,</strong></span> <span class='ocrx_word' id='word_1_97' title='bbox 518 2087 579 2152; x_wconf 86' lang='lat' dir='ltr'><strong>feci</strong></span> <span class='ocrx_word' id='word_1_98' title='bbox 594 2095 839 2168; x_wconf 82' lang='lat' dir='ltr'><strong>sacromentum,</strong></span> <span class='ocrx_word' id='word_1_99' title='bbox 856 2088 942 2174; x_wconf 89' lang='lat' dir='ltr'><strong>quod</strong></span> <span class='ocrx_word' id='word_1_100' title='bbox 956 2096 990 2154; x_wconf 89' lang='lat' dir='ltr'><strong>et</strong></span> <span class='ocrx_word' id='word_1_101' title='bbox 1004 2109 1189 2154; x_wconf 82' lang='lat' dir='ltr'><strong>conservare</strong></span> <span class='ocrx_word' id='word_1_102' title='bbox 1203 2088 1367 2172; x_wconf 88' lang='lat' dir='ltr'><strong>promitto.</strong></span> 
     </span>
    </p>
   </div>
   <div class='ocr_carea' id='block_1_3' title="bbox 0 0 1636 5467">
    <p class='ocr_par' dir='ltr' id='par_1_3' title="bbox 0 0 1636 5467">
     <span class='ocr_line' id='line_1_15' title="bbox 0 0 1636 5467; baseline 0 0"><span class='ocrx_word' id='word_1_103' title='bbox 0 0 1636 5467; x_wconf 95' lang='lat' dir='ltr'><strong> </strong></span> 
     </span>
    </p>
   </div>
  </div>
 </body>
</html>
