3259 5467
607 678 647 722 nr
664 679 838 723 uasrrrus
855 681 1026 727 concurs.
1283 669 1323 731 13

322 825 506 907 parochiam
528 825 569 891 ad
586 827 820 893 confirmandos
845 828 987 911 populos,
1010 830 1175 915 presbyter
1199 854 1324 916 semper

322 934 452 1010 paratus
469 929 511 993 sit
526 929 567 992 ad
585 929 823 1012 suscipiendum
843 932 1025 1016 episcopum
1040 955 1113 1001 cum
1135 935 1322 1025 collectione

322 1040 356 1096 et
371 1033 531 1116 adjutorio
545 1035 655 1118 populi
670 1036 725 1118 qui
738 1034 785 1101 ibi
799 1037 981 1102 confirmari
996 1037 1112 1118 debet;
1135 1047 1168 1105 et
1182 1040 1217 1105 in
1231 1061 1323 1109 coena

322 1136 455 1199 Domini
485 1158 609 1221 semper
632 1160 752 1202 novum
778 1139 916 1202 chrisma
941 1140 1074 1224 accipiat
1098 1142 1138 1205 ab
1164 1143 1320 1226 episcope,

321 1246 353 1300 et
376 1246 413 1301 ut
434 1240 598 1324 episcopus
618 1241 709 1305 testis
729 1242 771 1306 sit
789 1243 956 1322 castitatis,
977 1250 1010 1307 et
1032 1244 1114 1324 vita,
1130 1251 1163 1309 et
1182 1245 1267 1325 fidei,
1283 1252 1317 1310 et

321 1341 474 1407 doctriuae
488 1343 586 1409 illius.

366 1445 546 1510 Statuimus
565 1448 663 1511 etiam
681 1454 720 1512 ut
742 1449 919 1512 secundum
941 1450 1128 1514 canonicam
1150 1452 1318 1531 cautelam,

319 1570 431 1612 omnes
460 1551 684 1634 undecumque
715 1553 880 1616 venientes
914 1553 1041 1635 ignotos
1070 1554 1240 1637 episcopos,
1270 1555 1320 1619 vel

317 1651 529 1734 presbyteros,
545 1660 620 1718 ante
641 1655 863 1738 probationem
879 1656 1064 1739 synodalem
1077 1657 1113 1719 in
1131 1658 1318 1722 ecclesiasti-

318 1776 394 1818 cum
408 1757 621 1821 ministerium
635 1780 702 1821 non
717 1758 969 1822 admitteremus.

363 1860 570 1924 Decrevimus
590 1883 725 1945 quoque,
740 1868 778 1926 ut
798 1862 975 1925 secundum
993 1884 1131 1926 canones
1148 1863 1318 1946 unusquis-

318 1984 380 2046 que
401 1965 617 2049 episcopusin
636 1988 694 2029 sua
712 1967 862 2050 parochia
879 1966 1125 2030 sollicitudinem
1147 1972 1246 2049 gerat,
1263 1967 1318 2030 ad·

311 2067 447 2149 juvante
477 2069 636 2150 gravione,
666 2070 721 2152 qui
750 2070 897 2133 defensor
927 2070 1066 2133 ecclesiae
1096 2070 1164 2154 ejus
1194 2076 1251 2146 est,
1279 2076 1316 2132 ut

315 2171 453 2253 populus
473 2172 536 2235 Dei
554 2173 706 2255 paganias
726 2195 792 2236 non
811 2173 917 2250 faciat,
939 2172 995 2235 sed
1017 2194 1127 2236 omnes
1150 2171 1316 2254 spurcitias

315 2272 445 2356 abjiciat
465 2282 497 2338 et
514 2283 662 2358 respuat;
692 2277 755 2339 sive
776 2277 909 2359 profana
929 2276 1083 2339 sacrificia
1105 2283 1315 2354 mortuorum,

316 2376 382 2438 sive
402 2378 568 2459 sortilegos
592 2379 641 2442 vel
661 2379 793 2456 divinos,
815 2380 879 2441 sive
903 2379 1100 2462 phylacteria
1117 2386 1148 2441 et
1170 2379 1314 2461 auguria,

315 2477 381 2541 sive
401 2479 644 2559 incantationes
661 2481 725 2545 sive
742 2481 862 2545 hostias
882 2482 1110 2559 immolatitias,
1126 2503 1204 2564 quas
1225 2481 1316 2544 stulti

315 2581 462 2646 homines
474 2584 567 2666 juxta
581 2584 727 2648 ecclesias
742 2585 807 2646 ritu
821 2606 947 2667 pagano
962 2585 1094 2662 faciunt,
1110 2584 1168 2647 sub
1183 2584 1315 2647 nomine

316 2693 501 2750 sanctorum
515 2695 694 2771 martyrum
707 2688 757 2750 vel
776 2688 1001 2766 confessorum,
1018 2688 1125 2750 Deum
1140 2694 1173 2751 et
1189 2695 1315 2751 sanctos

316 2810 390 2851 suos
414 2790 455 2852 ad
477 2790 676 2854 iracundiam
698 2797 924 2874 provocantes:
956 2789 1019 2853 sive
1042 2790 1113 2853 illos
1144 2791 1312 2873 sacrilegos

314 2892 417 2974 ignes,
430 2915 509 2976 quos
520 2894 595 2957 Ned
608 2894 722 2958 fratres
736 2899 869 2971 vocant;
893 2893 956 2956 sive
972 2913 1092 2971 omnes,
1105 2914 1313 2976 quaecumquc

316 3002 402 3073 sunt,
418 3018 616 3079 paganorum
631 2997 866 3061 observationes
883 2996 1051 3079 diligenter
1065 2995 1264 3079 prohibeant.

360 3098 539 3162 Statuimus
560 3100 714 3179 similiter,
729 3107 767 3163 ut
786 3099 957 3183 posthanc
977 3099 1145 3183 synodum,
1161 3120 1232 3182 quae
1251 3097 1314 3161 fuit

315 3203 366 3265 XI
389 3202 552 3265 Kalendas
574 3203 666 3281 Maii,
685 3203 825 3285 quisquis
846 3223 1008 3265 servorum
1027 3200 1098 3278 Dei,
1113 3201 1163 3264 vel
1183 3200 1312 3262 ancilla-

314 3326 387 3367 rum
418 3304 546 3383 Christi,
569 3305 605 3368 in
629 3306 749 3369 crimen
772 3303 991 3369 fornicationis
1015 3304 1120 3386 lapsus
1145 3301 1253 3379 fuerit,
1277 3302 1312 3364 in
1368 3306 1370 3310 ’

314 3428 438 3470 carcere
455 3407 679 3490 poenitentiam
697 3409 793 3472 faciat
808 3408 843 3471 in
858 3429 941 3491 panc
961 3414 993 3470 et
1008 3428 1111 3489 aqua;
1134 3412 1167 3468 et
1187 3404 1213 3467 si
1228 3405 1311 3467 ordi-

313 3517 410 3572 natus
430 3510 596 3594 presbyter
618 3511 669 3588 sit,
685 3511 765 3574 duos
787 3532 889 3573 annos
910 3509 1085 3573 incarcere
1104 3514 1312 3592 permaneat3

312 3619 344 3674 et
361 3620 457 3676 antea
470 3613 648 3696 flagellatus
671 3620 703 3676 et
719 3614 856 3676 sociatus
877 3612 1032 3690 videatur,
1048 3619 1081 3675 et
1100 3618 1172 3695 post
1193 3610 1312 3693 episco-

312 3736 372 3797 pus
382 3715 548 3799 adaugeat.
574 3717 609 3778 Si
618 3724 726 3779 autem
739 3717 872 3780 clericus
880 3715 1114 3779 velmonachus
1126 3715 1160 3776 in
1169 3714 1230 3777 hoc
1239 3734 1311 3796 pec·

312 3824 420 3881 catum
434 3819 592 3899 inciderit,
607 3826 679 3903 post
693 3819 824 3883 tertiam
838 3818 1091 3882 verberationem
1105 3817 1141 3879 in
1153 3836 1311 3879 carcerem

311 3921 436 4000 missus,
446 3928 590 3987 vertente
602 3945 687 3987 anno
701 3923 746 3986 ibi
760 3921 984 4005 poenitentiam
999 3928 1084 4004 agat.
1113 3919 1267 3983 Similiter
1278 3927 1311 3982 et

311 4025 441 4088 Nonnae
462 4026 572 4090 velatae
594 4027 706 4090 eadem
727 4025 918 4108 poenitentia
937 4025 1184 4089 contineantur:
1208 4027 1241 4085 et
1260 4043 1311 4084 ra·

311 4127 431 4190 dantur
445 4149 555 4192 omnes
570 4130 675 4212 capilli
690 4129 802 4212 capitis
818 4129 897 4212 ejus

354 4231 561 4295 Decrevimus
585 4254 719 4316 quoque,
745 4240 783 4295 ut
808 4229 987 4315 presbyteri
1013 4229 1062 4292 vel
1091 4226 1217 4290 diaconi
1241 4246 1310 4288 non

312 4333 405 4414 sagis,
421 4334 575 4398 laicorum
589 4357 687 4414 more,
703 4336 759 4399 sed
774 4335 889 4400 casulis
905 4339 1049 4411 utantur,
1064 4331 1130 4394 ritu
1150 4350 1311 4393 servorum

312 4436 390 4500 Dei:
415 4445 448 4500 et
463 4439 572 4502 nullus
586 4439 622 4501 in
631 4462 689 4502 sua
704 4440 799 4502 domo
814 4438 963 4501 mulieres
975 4435 1118 4498 habitare
1133 4432 1309 4517 permittat.

312 4541 354 4604 Et
377 4548 414 4605 ut
433 4543 592 4621 monachi,
613 4551 645 4606 et
665 4543 788 4607 ancillae
806 4541 869 4604 Dei
885 4539 1134 4615 monasteriales,
1150 4538 1244 4620 juxta
1262 4556 1311 4598 re-
