3259 5467
397 668 458 730 146
759 687 839 730 v1ra
855 687 1034 746 uourrncu

394 827 514 891 mentis
544 826 686 910 quotidie
716 825 840 890 nisibus
870 826 1032 891 anhelare.
1076 827 1161 891 Cum
1191 850 1267 893 vcro
1291 830 1395 914 aliqui,

395 932 478 995 sicut
498 929 562 995 illis
586 929 772 1011 regionibus
794 929 893 995 moris
917 937 976 1009 est,
996 930 1180 1015 Presbyteri
1205 932 1271 998 sive
1293 934 1397 998 clerici

394 1034 563 1119 populares
587 1034 638 1097 vel
656 1033 754 1097 laicos
778 1033 974 1117 praedicandi
999 1055 1096 1098 causa
1119 1035 1272 1114 adissent,
1299 1045 1334 1102 et
1359 1037 1397 1101 ad

394 1138 503 1202 villam
518 1136 713 1220 domumque
730 1136 856 1221 praefati
869 1137 970 1220 patris
984 1137 1121 1202 familias
1136 1140 1310 1221 venissent,
1325 1162 1397 1206 mor

396 1247 555 1324 qnantum
583 1238 803 1323 possibilitatis
829 1241 898 1323 ejus
924 1240 1172 1323 pusillanimitas
1195 1242 1231 1306 in
1260 1243 1398 1308 infantia

395 1366 454 1408 sua
474 1343 650 1427 praevaluit,
673 1343 769 1427 coepit
791 1363 866 1407 cum
895 1343 940 1407 cis
963 1343 1003 1408 de
1029 1345 1212 1410 coelestibus
1236 1347 1397 1430 loquendo

394 1454 551 1512 tractare:
582 1454 616 1511 et
641 1446 718 1530 quid
736 1445 798 1510 sibi
823 1467 952 1530 suaeqne
973 1446 1156 1513 infirmitati
1184 1449 1220 1513 iu
1249 1450 1397 1515 futurum

393 1553 571 1636 proficeret,
586 1549 796 1634 interrogare.

438 1655 585 1737 Cumque
603 1655 651 1718 ita
665 1654 722 1718 diu
741 1654 781 1718 de
795 1653 978 1718 coelestibus
998 1654 1153 1719 diuturna
1166 1654 1287 1720 mentis
1297 1656 1396 1722 medi-

393 1759 517 1824 tatione
535 1758 711 1842 cogitarct:
735 1779 772 1821 ac
791 1763 900 1821 totum
922 1779 956 1821 se
975 1757 1011 1821 in
1031 1756 1179 1823 futurum
1198 1760 1396 1839 extenderet,

394 1870 427 1928 et
451 1862 492 1926 ad
515 1883 652 1946 superna
673 1860 821 1944 erigeret,
842 1861 928 1945 patri
948 1861 1046 1926 etiam
1072 1861 1204 1927 demum
1227 1863 1307 1943 haec,
1327 1885 1397 1948 quae

393 1967 501 2031 animo
517 1965 658 2050 gerebat,
674 1965 841 2028 revelavit:
865 1971 898 2028 et
913 1972 951 2029 ut
966 1987 1032 2029 suae
1042 1966 1223 2031 consideret
1237 1966 1396 2032 voluntati

393 2070 526 2154 rogavit.
586 2069 660 2135 Quo
689 2075 862 2151 compertu,
891 2067 1132 2152 obstupefactus
1160 2077 1252 2154 pater
1279 2093 1397 2155 magna

394 2197 470 2240 eum
484 2172 709 2257 increpationis
729 2172 896 2251 instantia,
911 2173 1030 2256 partim
1050 2173 1146 2238 minis
1161 2196 1204 2239 ne
1223 2196 1258 2239 se
1274 2175 1395 2240 desere-

393 2285 454 2358 ret,
474 2277 648 2361 prohibuit,
668 2276 787 2361 partim
806 2276 904 2340 etiam
923 2276 1156 2341 blandimentis
1173 2277 1216 2342 ed
1236 2279 1395 2343 saeeularis

393 2403 505 2446 curam
527 2379 702 2463 instigabat
725 2379 857 2462 negotii,
883 2386 922 2443 ut
946 2387 1156 2464 temporaneo
1179 2402 1254 2445 cum
1280 2382 1395 2446 trausi-

392 2483 484 2549 toriae
497 2483 693 2548 haereditatis
713 2482 923 2567 subjungeret
938 2483 1046 2548 lucro:
1070 2490 1182 2549 etsese
1202 2485 1395 2572 quandoque

394 2586 546 2651 defuncto
568 2608 634 2651 suae
651 2593 786 2650 terrenae
803 2586 966 2651 facultatis
984 2587 1159 2668 custodem,
1179 2589 1281 2653 immo
1299 2590 1395 2654 etiam

392 2691 553 2754 haeredem
582 2691 787 2773 relinqueret.
846 2690 963 2755 Verbis
993 2691 1124 2776 quidem
1153 2693 1395 2779 quamplurimis

392 2793 599 2858 fraudulenta
613 2793 763 2857 humanae
783 2793 967 2858 calliditatis
988 2817 1067 2858 usus
1084 2795 1226 2860 versutia
1245 2803 1395 2861 tenerum

392 2919 413 2962 a
427 2898 525 2982 coepti
538 2897 730 2982 perfectione
744 2897 898 2981 propositi
912 2895 1058 2963 animum
1073 2898 1233 2965 declinare
1247 2900 1394 2980 tentavit,

391 3002 558 3086 magisque
586 3002 670 3065 hanc
693 3023 760 3066 suae
778 3000 1027 3067 tolerabiliorem
1055 3023 1124 3067 esse
1152 3002 1302 3069 infantiae
1319 3004 1394 3068 acti·

392 3127 475 3184 vam,
490 3128 587 3189 quam
601 3105 701 3170 vitam
714 3105 948 3169 monasterialis
965 3105 1089 3170 militiae
1103 3107 1393 3190 contemplativam,

391 3209 563 3294 multiplici
582 3231 767 3274 sermonum
787 3209 971 3273 adulatione
985 3209 1164 3294 promittit:
1187 3217 1227 3274 ut
1243 3210 1295 3274 vel
1312 3210 1358 3274 sic
1376 3232 1395 3273 a

390 3314 544 3399 propositi
558 3314 655 3398 hujus
670 3313 839 3378 conamine
854 3334 930 3377 eum
944 3313 1117 3393 cohiberet,
1133 3321 1166 3378 et
1181 3313 1223 3378 ad
1237 3314 1394 3379 mundani

391 3417 485 3481 luxus
499 3417 667 3481 mollitiem
686 3417 847 3482 incitaret.
893 3416 958 3480 Sed
972 3416 1020 3480 vir
1036 3419 1106 3504 jam
1120 3417 1191 3482 Deo
1205 3417 1242 3482 iu
1256 3419 1394 3502 pueritia

390 3520 513 3604 plenus,
526 3526 648 3604 quanto
662 3527 711 3584 est
727 3542 746 3583 a
760 3521 857 3583 Patre
867 3519 940 3603 plus
950 3520 1148 3603 prohibitus:
1166 3528 1261 3585 tauto
1275 3521 1393 3586 mentis

391 3630 519 3706 arrepta
536 3622 726 3688 fortitudine
745 3625 907 3688 coelestem
925 3623 987 3688 sibi
1010 3623 1174 3708 acquirere
1193 3624 1391 3704 thesaurum,

390 3734 424 3790 et
438 3726 535 3790 sacris
550 3748 583 3791 se
603 3728 798 3812 conjungere
813 3727 980 3791 literarum
1002 3727 1116 3792 studiis
1131 3726 1246 3791 anxius
1264 3727 1391 3792 anhela-

389 3829 457 3894 bat.
501 3830 618 3914 Fitque
645 3831 764 3895 mirum
784 3831 821 3895 in
845 3831 989 3912 modum,
1013 3831 1110 3895 sicuti
1135 3852 1261 3915 semper
1287 3830 1392 3896 divina

389 3955 485 4018 agere
514 3936 594 3998 solet
628 3934 852 4014 misericordia,
882 3942 920 3999 ut
955 3956 1013 3999 suo
1041 3934 1260 3999 imbecillioris
1289 3932 1392 4000 aetatis

390 4037 486 4102 militi
507 4039 607 4118 Deus,
626 4044 658 4102 et
676 4047 790 4123 coeptae
808 4037 857 4102 rei
877 4039 1027 4103 solatium
1047 4045 1080 4102 et
1100 4039 1204 4103 anxiae
1220 4037 1392 4103 voluntatis

389 4149 612 4225 augmentum,
642 4142 891 4226 obsistentisque
926 4142 1131 4226 repentinam
1158 4141 1260 4226 patris
1288 4148 1391 4205 muta·

388 4244 512 4309 tionem
526 4245 645 4309 mentis
655 4245 825 4330 providens
835 4245 1041 4309 condomaret
1054 4271 1062 4309 ι
1077 4245 1171 4309 itaut
1185 4266 1252 4309 uno
1266 4244 1392 4309 eodem-

390 4369 453 4430 que
466 4349 619 4432 temporis
634 4370 792 4428 successu,
804 4355 837 4413 et
851 4348 971 4412 festina
983 4356 1109 4433 patrem
1124 4347 1296 4432 aegritudo,
1309 4346 1391 4412 subi·

388 4458 488 4534 taneo,
497 4454 566 4535 jam
580 4453 771 4517 imminente
785 4452 899 4517 mortis
918 4452 1053 4516 articulo
1068 4451 1276 4537 subrepserit,
1291 4458 1326 4515 et
1342 4449 1393 4535 pia

390 4562 588 4640 quantocyus
607 4557 698 4641 pueri
715 4578 834 4640 magno
854 4555 1007 4640 temporis
1026 4556 1196 4622 intervallo
1217 4554 1391 4642 praepedita
