3259 5467
402 639 467 701 200
658 657 751 702 nora
769 657 809 703 ar
825 657 937 701 viarm
954 657 1144 701 aucrrouss.

444 806 504 889 Ep.
528 806 578 884 14,
597 825 629 888 p.
651 804 746 883 cla-1.
768 806 789 867 8
813 804 1283 889 digrediendo—aggrediendo
1307 805 1343 868 P.
1364 806 1400 869 ‘et

400 909 455 972 W.
470 909 506 972 in
525 930 626 991 marg.
639 937 673 964 =
684 930 715 991 p.
731 911 785 986 47,
800 909 822 972 l.
835 912 858 972 4
877 909 1169 973 Iterum-Tamen
1189 910 1225 973 P.
1248 915 1282 973 et
1297 909 1351 973 W.
1366 909 1399 971 iu

401 1034 550 1096 marg:
516 1013 584 1075 —l.
611 1012 837 1076 6item—aut
838 1013 952 1076 emP.
978 1020 1031 1078 et
1027 1013 1122 1076 W.
1113 1036 1149 1077 1n
1173 1034 1324 1095 marg:
1290 1014 1356 1077 —.l
1379 1016 1398 1075 9

400 1115 645 1180 fuerit—fuerat
660 1116 697 1178 P.
713 1124 746 1180 et
761 1116 840 1178 W.
830 1138 867 1179 m
880 1138 1029 1200 marg...
995 1148 1028 1160 -

444 1219 542 1283 Anno
553 1222 616 1284 724
625 1219 833 1283 Bonifacius‘
835 1220 944 1283 ‘taCa
931 1220 987 1283 ttis
996 1220 1035 1284 ad
1048 1219 1231 1303 'Phurrngos
1239 1220 1398 1303 profectus

401 1330 469 1400 est3
491 1322 651 1407 hujusque
665 1323 775 1406 populi
794 1323 954 1407 principes
974 1345 1093 1404 magua
1106 1345 1146 1387 ex
1160 1330 1252 1407 parte
1268 1344 1288 1387 a
1303 1324 1398 1387 chris-

399 1425 489 1489 tiana
503 1425 656 1509 religione
671 1425 855 1490 deficientes
869 1426 1027 1509 corrigere
1042 1426 1177 1491 studuit.
1217 1428 1360 1491 Fama'
1333 1449 1399 1511 equs

400 1527 633 1611 pradicationis
661 1529 758 1612 longe
789 1530 918 1614 lateque
952 1530 1069 1594 diffusa
1097 1530 1196 1595 crevit
1225 1530 1399 1593 multitudo

401 1633 553 1712 fidelium,
574 1633 713 1698 ecclesiae
735 1633 967 1712 instaurantur,
988 1633 1183 1698 monasteria
1204 1640 1243 1697 ut
1264 1633 1398 1698 totidem

401 1736 622 1801 ministrorum
662 1735 802 1800 ecclesiae
836 1736 1020 1800 seminaria
1040 1737 1249 1800 aedificantur.
1311 1737 1399 1801 Tunc

401 1860 528 1923 quoque
557 1845 751 1921 congregata
784 1860 948 1902 servorum
983 1839 1046 1903 Dei
1075 1839 1287 1904 multitudine
1313 1840 1399 1923 jacta

400 1948 476 2006 sunt
491 1942 676 2006 monasterii
691 1942 907 2007 Ordorffensis
921 1943 1142 2007 fundamenta.

445 2043 518 2109 Hoc
533 2068 618 2110 anno
641 2046 681 2111 ad
704 2046 898 2129 Gregorium
920 2047 1009 2110 dedit
1030 2047 1164 2125 litteras,
1180 2047 1272 2131 queis
1288 2046 1398 2110 crediti

398 2149 542 2214 muneris
561 2151 719 2214 rationem
738 2150 855 2214 reddit.
902 2148 965 2214 Hae
985 2150 1116 2233 quidem
1134 2172 1203 2215 non
1223 2157 1361 2229 exstant,
1382 2172 1399 2212 e

400 2253 607 2337 responsoriis
628 2260 740 2317 tamen
762 2253 923 2332 elucescit,
947 2253 1033 2339 quod
1058 2253 1248 2317 contineant
1270 2254 1399 2319 notitias

400 2356 441 2419 de
454 2356 553 2420 ubere
567 2357 677 2420 fructu
691 2378 730 2420 ex
744 2357 971 2440 praedicatione
986 2358 1129 2435 collecto,
1144 2357 1249 2440 deque
1263 2356 1398 2440 negotiis

401 2459 442 2522 ad
457 2466 578 2523 statum
593 2460 662 2544 cjus
678 2460 818 2524 ecclesiae
833 2460 953 2543 optime
968 2460 1236 2544 disponendum.”
1252 2460 1306 2524 W.

443 2562 503 2645 Ep.
521 2565 572 2640 15,
588 2585 619 2646 p.
635 2566 688 2642 49,
704 2564 726 2627 l.
748 2567 797 2628 ll.
844 2568 865 2599 “
872 2563 1110 2648 Hesperioi-am]
1132 2564 1213 2629 Haec
1227 2585 1289 2628 vox
1303 2564 1399 2627 Baro·

399 2665 490 2729 nium
506 2667 641 2746 seduxit,
657 2675 695 2730 ut
710 2669 779 2752 ejus
794 2669 864 2732 loco
875 2668 1107 2751 Hispaniarum
1117 2667 1222 2732 textui
1236 2667 1399 2745 insereret,

398 2776 565 2852 tamquam
586 2771 618 2833 S.
635 2771 821 2835 Bonifacius
844 2771 884 2835 ad
900 2770 1073 2856 Hispanias
1092 2771 1285 2835 aPontifice
1302 2770 1399 2834 direc-

398 2880 453 2935 tus
483 2873 524 2937 sit
535 2899 545 2951 ;
576 2873 661 2956 quod
689 2881 800 2938 tamen
830 2895 1000 2938 erroneum
1031 2881 1089 2938 est.
1133 2873 1305 2939 Dubitavit
1334 2873 1399 2957 ipse

400 2976 568 3056 Baronius,
586 2985 620 3042 et
642 2977 719 3043 inde
739 2977 780 3042 ad
800 2978 980 3060 marginem
1002 2977 1128 3062 posuit:
1160 2977 1400 3041 Hasbaniarum

398 3079 448 3143 vel
464 3077 651 3164 Hessorum.
684 3081 748 3145 Sed
762 3103 823 3145 nec
838 3081 879 3144 ad
892 3080 1223 3145 Hasbaniam'missus
1239 3087 1290 3145 est
1304 3081 1398 3145 Boni·

399 3182 509 3263 sacius,
534 3207 605 3268 quae
626 3187 695 3270 jam
724 3185 764 3248 ab
788 3185 858 3248 aliis
880 3185 1042 3268 Apostolis
1063 3184 1160 3249 fidem
1183 3183 1400 3248 Christianam

400 3296 564 3372 acceperat
574 3315 585 3368 3
616 3311 677 3353 nec
699 3289 741 3352 ad
760 3289 881 3352 Hassos
899 3289 982 3354 solos
1003 3288 1182 3353 destinatus
1204 3293 1264 3368 est,
1286 3288 1343 3353 sed
1361 3287 1401 3351 ad

398 3390 580 3474 'l'huringos
607 3400 639 3456 et
664 3393 846 3457 Germaniae
868 3393 1032 3476 populum,
1056 3398 1152 3476 prout
1178 3412 1277 3474 supra
1299 3391 1401 3455 allatae

401 3492 549 3575 Gregorii
563 3494 679 3559 littcrae
692 3495 847 3559 indicant.
893 3494 1070 3577 Thuringia
1083 3515 1158 3558 vero
1178 3501 1212 3558 et
1227 3493 1401 3558 Germania

399 3616 487 3659 nunc
506 3598 675 3681 synonima
697 3606 799 3678 erant,
824 3599 1068 3682 Germaniaeque
1090 3597 1190 3661 Hassi
1210 3610 1400 3662 annumera-

399 3698 529 3762 bantur.
561 3701 736 3766 Germania
750 3703 821 3767 haec
837 3702 936 3767 divisa
948 3702 1012 3766 fuit
1026 3702 1063 3765 in
1077 3700 1323 3765 Occidentalem
1337 3701 1399 3764 sive

401 3800 591 3886 Hesperiam
607 3813 640 3870 et
659 3807 858 3872 orientalem.
903 3807 966 3870 Illa
988 3828 1008 3869 a
1021 3805 1157 3870 P'rancia
1177 3804 1344 3870 Rhenensi
1361 3804 1399 3869 ad

400 3908 567 3992 Visurgim
588 3917 643 3974 aut
664 3910 813 3975 Werram
835 3931 937 3993 usque
956 3909 1110 3994 processit
1127 3914 1161 3972 et
1177 3908 1301 3972 Hassas
1315 3908 1399 3972 'Phu-

399 4011 571 4096 ringosque
594 4014 773 4096 provinciae,
799 4035 871 4097 quae
893 4021 1002 4097 postea
1024 4011 1204 4077 Franconia
1233 4011 1320 4076 dicta
1342 4018 1399 4088 est,

400 4114 521 4179 incolas
550 4117 715 4200 complexa
743 4122 811 4195 est;
843 4117 912 4181 haec
942 4139 961 4181 a
985 4115 1118 4200 Visurgi
1140 4123 1198 4180 aut
1221 4113 1400 4181 Werraad

402 4218 509 4282 Salam
524 4220 602 4283 Albi
616 4221 806 4284 influentem
822 4241 890 4284 sese
908 4220 1053 4286 extendit
1068 4227 1101 4285 et
1116 4219 1301 4303 Thuringos
1314 4238 1401 4283 nunc

401 4321 505 4386 adhuc
525 4323 569 4386 sic
587 4323 689 4389 dictos
708 4325 960 4408 comprehendit.
1008 4326 1041 4389 S.
1057 4323 1242 4389 Bonifacius
1261 4323 1400 4408 primum

402 4424 617 4504 Occidentalis
643 4428 706 4492 sive
736 4428 928 4512 Hespericae'
950 4427 1133 4494 Germania
1162 4426 1400 4491 conversionem

402 4526 462 4590 sibi
488 4530 592 4593 solum
615 4539 833 4615 proposuerat,
854 4555 914 4596 nec
938 4533 1047 4598 statim
1072 4533 1112 4597 de
1136 4530 1296 4597 Orientali
1321 4537 1401 4595 tam-
